@inproceedings{wang2018monocular,
  title={Monocular visual odometry scale recovery using geometrical constraint},
  author={Wang, Xiangwei and Zhang, Hui and Yin, Xiaochuan and Du, Mingxiao and Chen, Qijun},
  booktitle={2018 IEEE International Conference on Robotics and Automation (ICRA)},
  pages={988--995},
  year={2018},
  organization={IEEE}
}
@inproceedings{Shewchuk1996Triangle,
  title={Triangle: Engineering a 2D quality mesh generator and Delaunay triangulator},
  author={Shewchuk, Jonathan Richard},
  booktitle={Workshop on Applied Computational Geometry},
  year={1996},
}
@article{salarian2018improved,
  title={Improved Image-Based Localization Using SFM and Modified Coordinate System Transfer},
  author={Salarian, Mahdi and Iliev, Nick and Cetin, Ahmet Enis and Ansari, Rashid},
  journal={IEEE Transactions on Multimedia},
  volume={20},
  number={12},
  pages={3298--3310},
  year={2018},
  publisher={IEEE}
}
@inproceedings{liu2012finding,
  title={Finding perfect rendezvous on the go: accurate mobile visual localization and its applications to routing},
  author={Liu, Heng and Mei, Tao and Luo, Jiebo and Li, Houqiang and Li, Shipeng},
  booktitle={Proceedings of the 20th ACM international conference on Multimedia},
  pages={9--18},
  year={2012}
}
@article{Rosten2006Machine,
  title={Machine learning for very high-speed corner detection},
  author={Rosten, E.},
  journal={Eccv06 May},
  year={2006},
}
@article{Costante2015Exploring,
  title={Exploring Representation Learning With CNNs for Frame-to-Frame Ego-Motion Estimation},
  author={Costante, Gabriele and Mancini, Michele and Valigi, Paolo and Ciarfuglia, Thomas Alessandro},
  journal={IEEE Robotics and Automation Letters},
  volume={1},
  number={1},
  pages={18-25},
  year={2015},
}
@article{2017HNIP,
  title={HNIP: Compact Deep Invariant Representations for Video Matching, Localization, and Retrieval},
  author={ Lin, Jie  and  Duan, Ling Yu  and  Wang, Shiqi  and  Bai, Yan  and  Lou, Yihang  and  Chandrasekhar, Vijay  and  Huang, Tiejun  and  Kot, Alex  and  Gao, Wen },
  journal={IEEE Transactions on Multimedia},
  volume={19},
  number={9},
  pages={1968-1983},
  year={2017},
}
@article{chen2007automatically,
  title={Automatically-determined region of interest in JPEG 2000},
  author={Chen, Oscal T-C and Chen, Chih-Chang},
  journal={IEEE Transactions on Multimedia},
  volume={9},
  number={7},
  pages={1333--1345},
  year={2007},
  publisher={IEEE}
}

@article{chadha2017voronoi,
  title={Voronoi-based compact image descriptors: Efficient region-of-interest retrieval with VLAD and deep-learning-based descriptors},
  author={Chadha, Aaron and Andreopoulos, Yiannis},
  journal={IEEE Transactions on Multimedia},
  volume={19},
  number={7},
  pages={1596--1608},
  year={2017},
  publisher={IEEE}
}
@article{piao2019real,
  title={Real-Time Visual--Inertial SLAM Based on Adaptive Keyframe Selection for Mobile AR Applications},
  author={Piao, Jin-Chun and Kim, Shin-Dug},
  journal={IEEE Transactions on Multimedia},
  volume={21},
  number={11},
  pages={2827--2836},
  year={2019},
  publisher={IEEE}
}
@article{engel2017direct,
  title={Direct sparse odometry},
  author={Engel, Jakob and Koltun, Vladlen and Cremers, Daniel},
  journal={IEEE transactions on pattern analysis and machine intelligence},
  volume={40},
  number={3},
  pages={611--625},
  year={2017},
  publisher={IEEE}
}
@article{luo2018real,
  title={Real-time dense monocular SLAM with online adapted depth prediction network},
  author={Luo, Hongcheng and Gao, Yang and Wu, Yuhao and Liao, Chunyuan and Yang, Xin and Cheng, Kwang-Ting},
  journal={IEEE Transactions on Multimedia},
  volume={21},
  number={2},
  pages={470--483},
  year={2018},
  publisher={IEEE}
}
@article{lin2017hnip,
  title={Hnip: Compact deep invariant representations for video matching, localization, and retrieval},
  author={Lin, Jie and Duan, Ling-Yu and Wang, Shiqi and Bai, Yan and Lou, Yihang and Chandrasekhar, Vijay and Huang, Tiejun and Kot, Alex and Gao, Wen},
  journal={IEEE Transactions on Multimedia},
  volume={19},
  number={9},
  pages={1968--1983},
  year={2017},
  publisher={IEEE}
}
@article{zhou2019ground,
  title={Ground-plane-based absolute scale estimation for monocular visual odometry},
  author={Zhou, Dingfu and Dai, Yuchao and Li, Hongdong},
  journal={IEEE Transactions on Intelligent Transportation Systems},
  volume={21},
  number={2},
  pages={791--802},
  year={2019},
  publisher={IEEE}
}

@inproceedings{Nister2004Visual,
  title={Visual odometry},
  author={Nister, D. and Naroditsky, O. and Bergen, J. R.},
  booktitle={Computer Vision and Pattern Recognition, 2004. CVPR 2004. Proceedings of the 2004 IEEE Computer Society Conference on},
  year={2004},
}
@inproceedings{geiger2012we,
  title={Are we ready for autonomous driving? the kitti vision benchmark suite},
  author={Geiger, Andreas and Lenz, Philip and Urtasun, Raquel},
  booktitle={2012 IEEE Conference on Computer Vision and Pattern Recognition},
  pages={3354--3361},
  year={2012},
  organization={IEEE}
}
@inproceedings{Frost2016Object,
  title={Object-aware bundle adjustment for correcting monocular scale drift},
  author={Frost, Duncan P. and Kahler, Olaf and Murray, David W.},
  booktitle={2016 IEEE International Conference on Robotics and Automation (ICRA)},
  year={2016},
}
@article{Fanani2017Predictive,
  title={Predictive monocular odometry (PMO): What is possible without RANSAC and multiframe bundle adjustment?},
  author={Fanani, Nolang and Stuerck, Alina and Ochs, Matthias and Bradler, Henry and Mester, Rudolf},
  journal={Image & Vision Computing},
  volume={68},
  number={dec.},
  pages={3-13},
  year={2017},
}
@inproceedings{lee2015online,
  title={Online self-supervised monocular visual odometry for ground vehicles},
  author={Lee, Bhoram and Daniilidis, Kostas and Lee, Daniel D},
  booktitle={2015 IEEE International Conference on Robotics and Automation (ICRA)},
  pages={5232--5238},
  year={2015},
  organization={IEEE}
}
@article{strasdat2010scale,
  title={Scale drift-aware large scale monocular SLAM},
  author={Strasdat, Hauke and Montiel, J and Davison, Andrew J},
  journal={Robotics: Science and Systems VI},
  volume={2},
  number={3},
  pages={7},
  publisher={Universidad de Zaragoza Zaragoza, Spain}
}
@article{kitt2011mono,
   author={Kitt, Bernd Manfred and Rehder, JÃ¶rn and Chambers, Andrew D and Schonbein, Miriam and Lategahn, Henning and Singh, Sanjiv},
   title={Monocular visual odometry using a planar road model to solve scale ambiguity},
   year={2011},
   type={Journal Article}
}
@inproceedings{forster2015imu,
     title={IMU preintegration on manifold for efficient visual-inertial maximum-a-posteriori estimation},
    author={Forster, Christian and Carlone, Luca and Dellaert, Frank and Scaramuzza, Davide},
    year={2015},
    organization={Georgia Institute of Technology}
}
@inproceedings{usenko2016direct,
      title={Direct visual-inertial odometry with stereo cameras},
        author={Usenko, Vladyslav and Engel, Jakob and St{\"u}ckler, J{\"o}rg and Cremers, Daniel},
          booktitle={Robotics and Automation (ICRA), 2016 IEEE International Conference on},
            pages={1885--1892},
              year={2016},
                organization={IEEE}
}
@article{luong1996fundamental,
      title={The fundamental matrix: Theory, algorithms, and stability analysis},
        author={Luong, Quan-Tuan and Faugeras, Olivier D},
          journal={International journal of computer vision},
            volume={17},
              number={1},
                pages={43--75},
                  year={1996},
                    publisher={Springer}
}

@book{Zhang2014Robust,
  title={Robust monocular visual odometry for a ground vehicle in undulating Terrain},
  author={Zhang, Ji and Singh, Sanjiv and Kantor, George},
  publisher={Springer Berlin Heidelberg},
  year={2014},
}
@article{zhang2015demo,
   author = {Zhang, Ji and Kaess, Michael and Singh, Sanjiv},
   title = {A real-time method for depth enhanced visual odometry},
   journal = {Autonomous Robots},
   pages = {1-13},
   ISSN = {0929-5593},
   year = {2015},
   type = {Journal Article}
}
@article{kalman1960filter,
        Author = {Kalman, Rudolph Emil},
            Title = {A New Approach to Linear Filtering and Prediction Problems},
                Journal = {Transactions of the ASME--Journal of Basic Engineering},
                    Volume = {82},
                        Number = {Series D},
                            Pages = {35--45},
                                Year = {1960}
}
@article{costante2016exploring,
      title={Exploring representation learning with cnns for frame-to-frame ego-motion estimation},
        author={Costante, Gabriele and Mancini, Michele and Valigi, Paolo and Ciarfuglia, Thomas A},
          journal={IEEE Robotics and Automation Letters},
            volume={1},
              number={1},
                pages={18--25},
                  year={2016},
                    publisher={IEEE}
}
@article{ciarfuglia2014evaluation,
      title={Evaluation of non-geometric methods for visual odometry},
        author={Ciarfuglia, Thomas A and Costante, Gabriele and Valigi, Paolo and Ricci, Elisa},
          journal={Robotics and Autonomous Systems},
            volume={62},
              number={12},
                pages={1717--1730},
                  year={2014},
                    publisher={Elsevier}
}
@inproceedings{eigen2014depth,
      title={Depth map prediction from a single image using a multi-scale deep network},
        author={Eigen, David and Puhrsch, Christian and Fergus, Rob},
          booktitle={Advances in neural information processing systems},
            pages={2366--2374},
              year={2014}
}
@article{liu2016learning,
      title={Learning depth from single monocular images using deep convolutional neural fields},
        author={Liu, Fayao and Shen, Chunhua and Lin, Guosheng and Reid, Ian},
          journal={IEEE transactions on pattern analysis and machine intelligence},
            volume={38},
              number={10},
                pages={2024--2039},
                  year={2016},
                    publisher={IEEE}
}
@inproceedings{shibata2015scale,
      title={Scale-reconstructable Structure from Motion using refraction with a single camera},
        author={Shibata, Akira and Fujii, Hiromitsu and Yamashita, Atsushi and Asama, Hajime},
          booktitle={Robotics and Automation (ICRA), 2015 IEEE International Conference on},
            pages={5239--5244},
              year={2015},
                organization={IEEE}
}
@inproceedings{zhang2015vlidar,
   author = {Zhang, Ji and Singh, Sanjiv},
   title = {Visual-lidar odometry and mapping: Low-drift, robust, and fast},
   booktitle = {2015 IEEE International Conference on Robotics and Automation (ICRA)},
   publisher = {IEEE},
   pages = {2174-2181},
   ISBN = {1050-4729},
   year={2015},
   type = {Conference Proceedings}
}
@article{strasdat2010scale,
  title={Scale drift-aware large scale monocular SLAM},
  author={Strasdat, Hauke and Montiel, J and Davison, Andrew J},
  journal={Robotics: Science and Systems VI},
  volume={2},
  number={3},
  pages={7},
  year={2010},
  publisher={Universidad de Zaragoza Zaragoza, Spain}
}
@inproceedings{klein2007parallel,
  title={Parallel tracking and mapping for small AR workspaces},
  author={Klein, Georg and Murray, David},
  booktitle={2007 6th IEEE and ACM international symposium on mixed and augmented reality},
  pages={225--234},
  year={2007},
  organization={IEEE}
}
@inproceedings{mouragnon2006real,
  title={Real time localization and 3d reconstruction},
  author={Mouragnon, Etienne and Lhuillier, Maxime and Dhome, Michel and Dekeyser, Fabien and Sayd, Patrick},
  booktitle={2006 IEEE Computer Society Conference on Computer Vision and Pattern Recognition (CVPR'06)},
  volume={1},
  pages={363--370},
  year={2006},
  organization={IEEE}
}
@article{scaramuzza2011visual,
  title={Visual odometry [tutorial]},
  author={Scaramuzza, Davide and Fraundorfer, Friedrich},
  journal={IEEE robotics \& automation magazine},
  volume={18},
  number={4},
  pages={80--92},
  year={2011},
  publisher={IEEE}
}
@inproceedings{zhang2014loam,
  title={LOAM: Lidar Odometry and Mapping in Real-time.},
  author={Zhang, Ji and Singh, Sanjiv},
  booktitle={Robotics: Science and Systems},
  volume={2},
  number={9},
  year={2014}
}
@article{scaramuzza2011vo,
   author = {Scaramuzza, D. and Fraundorfer, F.},
   title = {Visual Odometry: Part I - The First 30 Years and Fundamentals},
   journal = {IEEE Robotics and Automation Magazine},
   volume = {4},
   year = {2011},
   type = {Journal Article}
}
@article{scaramuzza2012visual,
  title={Visual Odometry Part II: Matching, robustness, optimization and applications},
  author={Scaramuzza, Davide and Fraundorfer, Friedrich},
  journal={IEEE Robotics \& Automation Magazine},
  volume={19},
  number={2},
  pages={78--90},
  year={2012}
}
@article{cadena2016slam,
   author = {Cadena, Cesar and Carlone, Luca and Carrillo, Henry and Latif, Yasir and Scaramuzza, Davide and Neira, Jose and Reid, Ian D. and Leonard, John J.},
   title = {Simultaneous Localization And Mapping: Present, Future, and the Robust-Perception Age},
   journal = {CoRR},
   volume = {abs/1606.05830},
   url = {http://arxiv.org/abs/1606.05830},
   year = {2016},
   type = {Journal Article}
}
@inproceedings{Li2018,
  title={[IEEE 2018 IEEE International Conference on Robotics and Automation (ICRA) - Brisbane, Australia (2018.5.21-2018.5.25)] 2018 IEEE International Conference on Robotics and Automation (ICRA) - Direct Line Guidance Odometry},
  author={Li, Shi-Jie and Ren, Bo and Liu, Yun and Cheng, Ming-Ming and Frost, Duncan and Prisacariu, Victor Adrian},
  year={2018},
}
@misc{hui,
   author = {Engel, J. and Koltun, V. and Cremers, D.},
   title = {Direct Sparse Odometry},
   month = {July},
   keywords = {mono-ds,dso},
   year = {2016},
   type = {Conference Paper}
}

@article{raul2015orb,
   author = {Mur-Artal, Raul and Montiel, JMM and TardÃ³s, Juan D},
   title = {Orb-slam: a versatile and accurate monocular slam system},
   journal = {IEEE Transactions on Robotics},
   volume = {31},
   number = {5},
   pages = {1147-1163},
   ISSN = {1552-3098},
   year = {2015},
   type = {Journal Article}
}
@article{Mur2016ORB,
  title={ORB-SLAM2: an Open-Source SLAM System for Monocular, Stereo and RGB-D Cameras},
  author={Mur-Artal, Raul and Tardos, Juan D.},
  journal={IEEE Transactions on Robotics},
  volume={33},
  number={5},
  pages={1255-1262},
  year={2016},
}
@inproceedings{forster2014svo,
  title={SVO: Fast semi-direct monocular visual odometry},
  author={Forster, Christian and Pizzoli, Matia and Scaramuzza, Davide},
  booktitle={2014 IEEE International Conference on Robotics and Automation (ICRA)},
  pages={15--22},
  year={2014},
  organization={IEEE}
}
@inproceedings{newcombe2011dtam,
  title={DTAM: Dense tracking and mapping in real-time},
  author={Newcombe, Richard A and Lovegrove, Steven J and Davison, Andrew J},
  booktitle={2011 International Conference on Computer Vision},
  pages={2320--2327},
  year={2011},
  organization={IEEE}
}
@inproceedings{mirabdollah2015fast,
  title={Fast techniques for monocular visual odometry},
  author={Mirabdollah, M Hossein and Mertsching, B{\"a}rbel},
  booktitle={German Conference on Pattern Recognition},
  pages={297--307},
  year={2015},
  organization={Springer}
}
@inproceedings{lovegrove2011accurate,
  title={Accurate visual odometry from a rear parking camera},
  author={Lovegrove, Steven and Davison, Andrew J and Ibanez-Guzm{\'a}n, Javier},
  booktitle={2011 IEEE Intelligent Vehicles Symposium (IV)},
  pages={788--793},
  year={2011},
  organization={IEEE}
}
@article{kitt2011monocular,
  title={Monocular visual odometry using a planar road model to solve scale ambiguity},
  author={Kitt, Bernd Manfred and Rehder, Joern and Chambers, Andrew D and Schonbein, Miriam and Lategahn, Henning and Singh, Sanjiv},
  year={2011},
  publisher={Carnegie Mellon University}
}
@inproceedings{fanani2017multimodal,
  title={Multimodal scale estimation for monocular visual odometry},
  author={Fanani, Nolang and St{\"u}rck, Alina and Barnada, Marc and Mester, Rudolf},
  booktitle={2017 IEEE Intelligent Vehicles Symposium (IV)},
  pages={1714--1721},
  year={2017},
  organization={IEEE}
}
@article{scaramuzza2008appearance,
  title={Appearance-guided monocular omnidirectional visual odometry for outdoor ground vehicles},
  author={Scaramuzza, Davide and Siegwart, Roland},
  journal={IEEE transactions on robotics},
  volume={24},
  number={5},
  pages={1015--1026},
  year={2008},
  publisher={IEEE}
}
@inproceedings{scaramuzza2009absolute,
  title={Absolute scale in structure from motion from a single vehicle mounted camera by exploiting nonholonomic constraints},
  author={Scaramuzza, Davide and Fraundorfer, Friedrich and Pollefeys, Marc and Siegwart, Roland},
  booktitle={2009 IEEE 12th International Conference on Computer Vision},
  pages={1413--1419},
  year={2009},
  organization={IEEE}
}
@article{choi2015new,
  title={A new 2-point absolute pose estimation algorithm under planar motion},
  author={Choi, Sung-In and Park, Soon-Yong},
  journal={Advanced Robotics},
  volume={29},
  number={15},
  pages={1005--1013},
  year={2015},
  publisher={Taylor \and Francis}
}
@inproceedings{pereira2017monocular,
  title={Monocular visual odometry with cyclic estimation},
  author={Pereira, Fabio Irigon and Ilha, Gustavo and Luft, Joel and Negreiros, Marcelo and Susin, Altamiro},
  booktitle={2017 30th SIBGRAPI Conference on Graphics, Patterns and Images (SIBGRAPI)},
  pages={1--6},
  year={2017},
  organization={IEEE}
}
@inproceedings{gutierrez2012full,
  title={Full scaled 3d visual odometry from a single wearable omnidirectional camera},
  author={Guti{\'e}rrez-G{\'o}mez, Daniel and Puig, Luis and Guerrero, Jos{\'e} Jes{\'u}s},
  booktitle={2012 IEEE/RSJ International Conference on Intelligent Robots and Systems},
  pages={4276--4281},
  year={2012},
  organization={IEEE}
}
@inproceedings{grater2015robust,
  title={Robust scale estimation for monocular visual odometry using structure from motion and vanishing points},
  author={Gr{\"a}ter, Johannes and Schwarze, Tobias and Lauer, Martin},
  booktitle={2015 IEEE Intelligent Vehicles Symposium (IV)},
  pages={475--480},
  year={2015},
  organization={IEEE}
}

@misc{Lee2015MoncularScale,
   author = {Lee, B. and Daniilidis, K. and Lee, D. D.},
   title = {Online self-supervised monocular visual odometry for ground vehicles},
   pages = {5232-5238},
   year = {2015},
   type = {Conference Paper}
}
@inproceedings{triggs1999bundle,
  title={Bundle adjustmentâa modern synthesis},
  author={Triggs, Bill and McLauchlan, Philip F and Hartley, Richard I and Fitzgibbon, Andrew W},
  booktitle={International workshop on vision algorithms},
  pages={298--372},
  year={1999},
  organization={Springer}
}
@INPROCEEDINGS{Geiger2011IV,
  author = {Andreas Geiger and Julius Ziegler and Christoph Stiller},
  title = {StereoScan: Dense 3D Reconstruction in Real-time},
  booktitle = {Intelligent Vehicles Symposium (IV)},
  year = {2011}
}

@inproceedings{choi2011does,
  title={What does ground tell us? Monocular visual odometry under planar motion constraint},
  author={Choi, Sunglok and Joung, Ji Hoon and Yu, Wonpil and Cho, Jae-Il},
  booktitle={2011 11th International Conference on Control, Automation and Systems},
  pages={1480--1485},
  year={2011},
  organization={IEEE}
}

@article{Gall2015,
  title={[Lecture Notes in Computer Science] Pattern Recognition Volume 9358 || Fast Techniques for Monocular Visual Odometry},
  author={Gall, Juergen and Gehler, Peter and Leibe, Bastian},
  volume={10.1007/978-3-319-24947-6},
  number={Chapter 24},
  pages={297-307},
  year={2015},
}
@inproceedings{westerhoff2016development,
  title={Development and comparison of homography based estimation techniques for camera to road surface orientation},
  author={Westerhoff, Jens and Lessmann, Stephanie and Meuter, Mirko and Siegemund, Jan and Kummert, Anton},
  booktitle={2016 IEEE Intelligent Vehicles Symposium (IV)},
  pages={1034--1040},
  year={2016},
  organization={IEEE}
}

@article{Mirza2014Conditional,
  title={Conditional Generative Adversarial Nets},
  author={Mirza, Mehdi and Osindero, Simon},
  journal={Computer Science},
  pages={2672-2680},
  year={2014},
}
@article{Goodfellow2014Generative,
  title={Generative Adversarial Networks},
  author={Goodfellow, Ian J. and Pougetabadie, Jean and Mirza, Mehdi and Xu, Bing and Wardefarley, David and Ozair, Sherjil and Courville, Aaron and Bengio, Yoshua},
  journal={Advances in Neural Information Processing Systems},
  volume={3},
  pages={2672-2680},
  year={2014},
}

@article{Arjovsky2017Wasserstein,
  title={Wasserstein GAN},
  author={Arjovsky, Martin and Chintala, Soumith and Bottou, LÃ©on},
  year={2017},
}
@article{Gulrajani2017Improved,
  title={Improved Training of Wasserstein GANs},
  author={Gulrajani, Ishaan and Ahmed, Faruk and Arjovsky, Martin and Dumoulin, Vincent and Courville, Aaron},
  year={2017},
}
@inproceedings{Song2013Parallel,
  title={Parallel, Real-Time Monocular Visual Odometry},
  author={Song, Shiyu and Chandraker, Manmohan and Guest, Clark C.},
  booktitle={IEEE International Conference on Robotics and Automation},
  year={2013},
}
@inproceedings{Sturm2012A,
  title={A benchmark for the evaluation of RGB-D SLAM systems},
  author={Sturm, JÃ¼rgen and Engelhard, Nikolas and Endres, Felix and Burgard, Wolfram and Cremers, Daniel},
  booktitle={IEEE/RSJ International Conference on Intelligent Robots and Systems},
  year={2012},
}
@article{Nister2004An,
  title={An Efficient Solution to the Five-Point Relative Pose Problem},
  author={Nister and D.},
  journal={IEEE Transactions on Pattern Analysis and Machine Intelligence},
  volume={26},
  number={6},
  pages={756-770},
  year={2004},
}
@article{Cadena2016Simultaneous,
  title={Simultaneous Localization And Mapping: Present, Future, and the Robust-Perception Age},
  author={Cadena, Cesar and Carlone, Luca and Carrillo, Henry and Latif, Yasir and Leonard, John J.},
  journal={IEEE Transactions on Robotics},
  volume={32},
  number={6},
  year={2016},
}
@inproceedings{Forster2014SVO,
  title={SVO: Fast Semi-Direct Monocular Visual Odometry},
  author={Forster, Christian and Pizzoli, Matia and Scaramuzzaâ, Davide},
  booktitle={IEEE International Conference on Robotics and Automation},
  year={2014},
}
@article{Yang2017Pop,
  title={Pop-up SLAM: Semantic Monocular Plane SLAM for Low-texture Environments},
  author={Yang, Shichao and Song, Yu and Kaess, Michael and Scherer, Sebastian},
  year={2017},
}

@inproceedings{rukhovich2019estimation,
  title={Estimation of Absolute Scale in Monocular SLAM Using Synthetic Data},
  author={Rukhovich, Danila and Mouritzen, Daniel and Kaestner, Ralf and Rufli, Martin and Velizhev, Alexander},
  booktitle={Proceedings of the IEEE International Conference on Computer Vision Workshops},
  pages={0--0},
  year={2019}
}
@article{xue2020toward,
  title={Toward Hierarchical Self-Supervised Monocular Absolute Depth Estimation for Autonomous Driving Applications},
  author={Xue, Feng and Zhuo, Guirong and Huang, Ziyuan and Fu, Wufei and Wu, Zhuoyue and Ang Jr, Marcelo H},
  journal={arXiv preprint arXiv:2004.05560},
  year={2020}
}
@article{zhou2019ground,
  title={Ground-Plane-Based Absolute Scale Estimation for Monocular Visual Odometry},
  author={Zhou, Dingfu and Dai, Yuchao and Li, Hongdong},
  journal={IEEE Transactions on Intelligent Transportation Systems},
  year={2019},
  publisher={IEEE}
}
@inproceedings{irani1999direct,
  title={About direct methods},
  author={Irani, Michal and Anandan, P},
  booktitle={International Workshop on Vision Algorithms},
  pages={267--277},
  year={1999},
  organization={Springer}
}
@article{chow1968approximating,
  title={Approximating discrete probability distributions with dependence trees},
  author={Chow, C and Liu, Cong},
  journal={IEEE transactions on Information Theory},
  volume={14},
  number={3},
  pages={462--467},
  year={1968},
  publisher={IEEE}
}
@inproceedings{geiger2010efficient,
  title={Efficient large-scale stereo matching},
  author={Geiger, Andreas and Roser, Martin and Urtasun, Raquel},
  booktitle={Asian conference on computer vision},
  pages={25--38},
  year={2010},
  organization={Springer}
}
@inproceedings{badino2013visual,
  title={Visual odometry by multi-frame feature integration},
  author={Badino, Hern{\'a}n and Yamamoto, Akihiro and Kanade, Takeo},
  booktitle={Proceedings of the IEEE International Conference on Computer Vision Workshops},
  pages={222--229},
  year={2013}
}
@inproceedings{scaramuzza2006flexible,
  title={A flexible technique for accurate omnidirectional camera calibration and structure from motion},
  author={Scaramuzza, Davide and Martinelli, Agostino and Siegwart, Roland},
  booktitle={Fourth IEEE International Conference on Computer Vision Systems (ICVS'06)},
  pages={45--45},
  year={2006},
  organization={IEEE}
}
@article{choi1997performance,
  title={Performance evaluation of RANSAC family},
  author={Choi, Sunglok and Kim, Taemin and Yu, Wonpil},
  journal={Journal of Computer Vision},
  volume={24},
  number={3},
  pages={271--300},
  year={1997}
}
@article{pereira2018novel,
  title={A Novel Resection--Intersection Algorithm With Fast Triangulation Applied to Monocular Visual Odometry},
  author={Pereira, Fabio Irigon and Luft, Joel Augusto and Ilha, Gustavo and Susin, Altamiro},
  journal={IEEE Transactions on Intelligent Transportation Systems},
  volume={19},
  number={11},
  pages={3584--3593},
  year={2018},
  publisher={IEEE}
}
@inproceedings{yin2017scale,
  title={Scale recovery for monocular visual odometry using depth estimated with deep convolutional neural fields},
  author={Yin, Xiaochuan and Wang, Xiangwei and Du, Xiaoguo and Chen, Qijun},
  booktitle={Proceedings of the IEEE International Conference on Computer Vision},
  pages={5870--5878},
  year={2017}
}
@inproceedings{Tristan2019DeepFusion,
  title={DeepFusion: Real-Time Dense 3D Reconstruction for Monocular SLAM using Single-View Depth and Gradient Predictions},
  author={Tristan Laidlow and Jan Czarnowski and Stefan Leutenegger},
  booktitle={2019 International Conference on Robotics and Automation (ICRA)},
  year={2019},
}
@article{cummins2008fab,
  title={FAB-MAP: Probabilistic localization and mapping in the space of appearance},
  author={Cummins, Mark and Newman, Paul},
  journal={The International Journal of Robotics Research},
  volume={27},
  number={6},
  pages={647--665},
  year={2008},
  publisher={SAGE Publications Sage UK: London, England}
}
@article{Cadena2016Past,
  title={Past, Present, and Future of Simultaneous Localization and Mapping: Toward the Robust-Perception Age},
  author={Cadena, Cesar and Carlone, Luca and Carrillo, Henry and Latif, Yasir and Scaramuzza, Davide and Neira, JosÃ© and Reid, Ian and Leonard, John J.},
  journal={IEEE Transactions on Robotics},
  volume={32},
  number={6},
  pages={1309-1332},
  year={2016},
}
@article{karsch2014depth,
  title={Depth transfer: Depth extraction from video using non-parametric sampling},
  author={Karsch, Kevin and Liu, Ce and Kang, Sing Bing},
  journal={IEEE transactions on pattern analysis and machine intelligence},
  volume={36},
  number={11},
  pages={2144--2158},
  year={2014},
  publisher={IEEE}
}
@inproceedings{ranftl2016dense,
  title={Dense monocular depth estimation in complex dynamic scenes},
  author={Ranftl, Rene and Vineet, Vibhav and Chen, Qifeng and Koltun, Vladlen},
  booktitle={Proceedings of the IEEE conference on computer vision and pattern recognition},
  pages={4058--4066},
  year={2016}
}

@article{yang2019bayesian,
  title={Bayesian DeNet: monocular depth prediction and frame-wise fusion with synchronized uncertainty},
  author={Yang, Xin and Gao, Yang and Luo, Hongcheng and Liao, Chunyuan and Cheng, Kwang-Ting},
  journal={IEEE Transactions on Multimedia},
  volume={21},
  number={11},
  pages={2701--2713},
  year={2019},
  publisher={IEEE}
}
@inproceedings{eigen2015predicting,
  title={Predicting depth, surface normals and semantic labels with a common multi-scale convolutional architecture},
  author={Eigen, David and Fergus, Rob},
  booktitle={Proceedings of the IEEE international conference on computer vision},
  pages={2650--2658},
  year={2015}
}
@article{saxena2008make3d,
  title={Make3d: Learning 3d scene structure from a single still image},
  author={Saxena, Ashutosh and Sun, Min and Ng, Andrew Y},
  journal={IEEE transactions on pattern analysis and machine intelligence},
  volume={31},
  number={5},
  pages={824--840},
  year={2008},
  publisher={IEEE}
}
@inproceedings{li2015depth,
  title={Depth and surface normal estimation from monocular images using regression on deep features and hierarchical crfs},
  author={Li, Bo and Shen, Chunhua and Dai, Yuchao and Van Den Hengel, Anton and He, Mingyi},
  booktitle={Proceedings of the IEEE conference on computer vision and pattern recognition},
  pages={1119--1127},
  year={2015}
}
@inproceedings{saxena2006learning,
  title={Learning depth from single monocular images},
  author={Saxena, Ashutosh and Chung, Sung H and Ng, Andrew Y},
  booktitle={Advances in neural information processing systems},
  pages={1161--1168},
  year={2006}
}
@inproceedings{hyhuang2020rdvo,
title={Monocular Visual Odometry using Learned Repeatability and Description},
author={Huaiyang Huang, Haoyang Ye, Yuxiang Sun and Ming Liu},
booktitle={IEEE International Conference on Robotics and Automation (ICRA)},
year={2020},
organization={IEEE}
}
@inproceedings{sturm2012benchmark,
  title={A benchmark for the evaluation of RGB-D SLAM systems},
  author={Sturm, J{\"u}rgen and Engelhard, Nikolas and Endres, Felix and Burgard, Wolfram and Cremers, Daniel},
  booktitle={2012 IEEE/RSJ International Conference on Intelligent Robots and Systems},
  pages={573--580},
  year={2012},
  organization={IEEE}
}
@inproceedings{ye2019tightly,
  title={Tightly coupled 3d lidar inertial odometry and mapping},
  author={Ye, Haoyang and Chen, Yuying and Liu, Ming},
  booktitle={2019 International Conference on Robotics and Automation (ICRA)},
  pages={3144--3150},
  year={2019},
  organization={IEEE}
}


@article{kitt2011mono,
   author={Kitt, Bernd Manfred and Rehder, JÃ¶rn and Chambers, Andrew D and Schonbein, Miriam and Lategahn, Henning and Singh, Sanjiv},
   title={Monocular visual odometry using a planar road model to solve scale ambiguity},
   year={2011},
   type={Journal Article}
}
@article{o1971hippocampus,
  title={The hippocampus as a spatial map: Preliminary evidence from unit activity in the freely-moving rat.},
  author={O'Keefe, John and Dostrovsky, Jonathan},
  journal={Brain research},
  year={1971},
  publisher={Elsevier Science}
}

@inproceedings{bay2006surf,
  title={Surf: Speeded up robust features},
  author={Bay, Herbert and Tuytelaars, Tinne and Van Gool, Luc},
  booktitle={European conference on computer vision},
  pages={404--417},
  year={2006},
  organization={Springer}
}
@inproceedings{Paul2010FAB,
  title={FAB-MAP 3D: Topological mapping with spatial and visual appearance},
  author={Paul, R and Newman, P},
  booktitle={IEEE International Conference on Robotics and Automation},
  pages={2649-2656},
  year={2010},
}
@article{Cummins2011Appearance,
  title={Appearance-only SLAM at large scale with FAB-MAP 2.0},
  author={Cummins, Mark and Newman, Paul M.},
  journal={International Journal of Robotics Research},
  volume={30},
  number={9},
  pages={1100-1123},
  year={2011},
}
@book{Cummins2008FAB,
  title={FAB-MAP: Probabilistic Localization and Mapping in the Space of Appearance},
  author={Cummins, Mark and Newman, Paul},
  publisher={Sage Publications, Inc.},
  pages={647-665},
  year={2008},
}

@article{lowry2016visual,
  title={Visual place recognition: A survey},
  author={Lowry, Stephanie and S{\"u}nderhauf, Niko and Newman, Paul and Leonard, John J and Cox, David and Corke, Peter and Milford, Michael J},
  journal={IEEE Transactions on Robotics},
  volume={32},
  number={1},
  pages={1--19},
  year={2016},
  publisher={IEEE}
}

@inproceedings{calonder2010brief,
  title={Brief: Binary robust independent elementary features},
  author={Calonder, Michael and Lepetit, Vincent and Strecha, Christoph and Fua, Pascal},
  booktitle={European conference on computer vision},
  pages={778--792},
  year={2010},
  organization={Springer}
}

@inproceedings{harris1988combined,
  title={A combined corner and edge detector.},
  author={Harris, Chris and Stephens, Mike},
  booktitle={Alvey vision conference},
  volume={15},
  number={50},
  pages={10--5244},
  year={1988},
  organization={Citeseer}
}
@inproceedings{Naseer2014Robust,
  title={Robust visual robot localization across seasons using network flows},
  author={Naseer, Tayyab and Spinello, Luciano and Burgard, Wolfram and Stachniss, Cyrill},
  booktitle={Twenty-Eighth AAAI Conference on Artificial Intelligence},
  pages={2564-2570},
  year={2014},
}
@inproceedings{Naseer2015Robust,
  title={Robust visual SLAM across seasons},
  author={Naseer, T. and Ruhnke, M. and Stachniss, C. and Spinello, L.},
  booktitle={Ieee/rsj International Conference on Intelligent Robots and Systems},
  pages={2529-2535},
  year={2015},
}
@inproceedings{lowe1999object,
  title={Object recognition from local scale-invariant features},
  author={Lowe, David G},
  booktitle={Computer vision, 1999. The proceedings of the seventh IEEE international conference on},
  volume={2},
  pages={1150--1157},
  year={1999},
  organization={Ieee}
}

@article{nanni2017handcrafted,
  title={Handcrafted vs. non-handcrafted features for computer vision classification},
  author={Nanni, Loris and Ghidoni, Stefano and Brahnam, Sheryl},
  journal={Pattern Recognition},
  volume={71},
  pages={158--172},
  year={2017},
  publisher={Elsevier}
}
@inproceedings{Sivic2003Video,
  title={Video Google: A Text Retrieval Approach to Object Matching in Videos},
  author={Sivic, Josef and Zisserman, Andrew},
  booktitle={IEEE International Conference on Computer Vision},
  pages={1470},
  year={2003},
}
@inproceedings{Lisin2005Combining,
  title={Combining Local and Global Image Features for Object Class Recognition},
  author={Lisin, Dimitri A. and Mattar, Marwan A. and Blaschko, Matthew B. and Learned-Miller, Erik G. and Benfield, Mark C.},
  booktitle={Computer Vision and Pattern Recognition Workshops, 2005. CVPR Workshops. IEEE Computer Society Conference on},
  pages={47-47},
  year={2005},
}

@inproceedings{Dalal2005Histograms,
  title={Histograms of oriented gradients for human detection},
  author={Dalal, N. and Triggs, B.},
  booktitle={IEEE Computer Society Conference on Computer Vision and Pattern Recognition},
  pages={886-893},
  year={2005},
}

@article{He2015Deep,
  title={Deep Residual Learning for Image Recognition},
  author={He, Kaiming and Zhang, Xiangyu and Ren, Shaoqing and Sun, Jian},
  pages={770-778},
  year={2015},
}

@inproceedings{Szegedy2015Going,
  title={Going deeper with convolutions},
  author={Szegedy, Christian and Liu, Wei and Jia, Yangqing and Sermanet, Pierre and Reed, Scott and Anguelov, Dragomir and Erhan, Dumitru and Vanhoucke, Vincent and Rabinovich, Andrew},
  booktitle={IEEE Conference on Computer Vision and Pattern Recognition},
  pages={1-9},
  year={2015},
}

@article{simonyan2014very,
  title={Very deep convolutional networks for large-scale image recognition},
  author={Simonyan, Karen and Zisserman, Andrew},
  journal={arXiv preprint arXiv:1409.1556},
  year={2014}
}

@inproceedings{Krizhevsky2012ImageNet,
  title={ImageNet classification with deep convolutional neural networks},
  author={Krizhevsky, Alex and Sutskever, Ilya and Hinton, Geoffrey E},
  booktitle={International Conference on Neural Information Processing Systems},
  pages={1097-1105},
  year={2012},
}
@article{Mur2017ORB,
  title={ORB-SLAM: A Versatile and Accurate Monocular SLAM System},
  author={Mur-Artal, RaÃºl and Montiel, J. M. M. and TardÃ³s, Juan D.},
  journal={IEEE Transactions on Robotics},
  volume={31},
  number={5},
  pages={1147-1163},
  year={2017},
}
@inproceedings{rublee2011orb,
  title={ORB: An efficient alternative to SIFT or SURF},
  author={Rublee, Ethan and Rabaud, Vincent and Konolige, Kurt and Bradski, Gary},
  booktitle={Computer Vision (ICCV), 2011 IEEE international conference on},
  pages={2564--2571},
  year={2011},
  organization={IEEE}
}

@InProceedings{Philbin08, 
   author="Philbin, J. and Chum, O. and Isard, M. and Sivic, J. and Zisserman, A.", 
   title="Lost in Quantization: {I}mproving Particular Object Retrieval in Large Scale Image Databases", 
   booktitle = "Proceedings of the IEEE Conference on Computer Vision and Pattern Recognition", 
   year = "2008" 
} 

@inproceedings{milford2015sequence,
  title={Sequence searching with deep-learnt depth for condition-and viewpoint-invariant route-based place recognition},
  author={Milford, Michael and Shen, Chunhua and Lowry, Stephanie and Suenderhauf, Niko and Shirazi, Sareh and Lin, Guosheng and Liu, Fayao and Pepperell, Edward and Lerma, Cesar and Upcroft, Ben and others},
  booktitle={Proceedings of the IEEE Conference on Computer Vision and Pattern Recognition Workshops},
  pages={18--25},
  year={2015}
}
@article{zhu2017unpaired,
  title={Unpaired image-to-image translation using cycle-consistent adversarial networks},
  author={Zhu, Jun-Yan and Park, Taesung and Isola, Phillip and Efros, Alexei A},
  journal={arXiv preprint arXiv:1703.10593},
  year={2017}
}
@inproceedings{2005Visual,
  title={Visual odometry for an outdoor mobile robot},
  author={ Fernandez, D.  and  Price, A. },
  booktitle={IEEE Conference on Robotics, Automation & Mechatronics},
  year={2005},
}
@article{Rone2013Mapping,
  title={Mapping, localization and motion planning in mobile multi-robotic systems},
  author={Rone, William and Ben-Tzvi, Pinhas},
  journal={Robotica},
  volume={31},
  number={PT.1},
  pages={1-23},
  year={2013},
}
@inproceedings{2008Monocular,
  title={Monocular omnidirectional visual odometry for outdoor ground vehicles},
  author={ Scaramuzza, Davide  and  Siegwart, Roland Y },
  booktitle={International Conference on Computer Vision Systems},
  year={2008},
}
@article{2011Combined,
  title={Combined visual odometry and visual compass for off-road mobile robots localization},
  author={ Gonzalez, Ramon  and  Rodriguez, Francisco  and  Guzman, Jose Luis  and  Pradalier, Cedric  and  Siegwart, Roland },
  journal={Robotica},
  volume={30},
  number={06},
  pages={865-878},
  year={2011},
}
@article{2013Experience,
  title={Experience-based navigation for long-term localisation},
  author={ Churchill, W.  and  Newman, P. },
  journal={International Journal of Robotics Research},
  volume={32},
  number={14},
  pages={1645-1661},
  year={2013},
}

@article{Davison2007MonoSLAM,
  title={MonoSLAM: real-time single camera SLAM},
  author={Davison, A. J. and Reid, I. D. and Molton, N. D. and Stasse, O},
  journal={IEEE Trans Pattern Anal Mach Intell},
  volume={29},
  number={6},
  pages={1052-1067},
  year={2007},
}
@article{Choset2001Topological,
  title={Topological simultaneous localization and mapping (SLAM): toward exact localization without explicit localization},
  author={Choset, H and Nagatani, Keiji},
  journal={Robotics and Automation IEEE Transactions on},
  volume={17},
  number={2},
  pages={125-137},
  year={2001},
}
@book{Engel2014LSD,
  title={LSD-SLAM: Large-Scale Direct Monocular SLAM},
  author={Engel, Jakob and SchÃ¶ps, Thomas and Cremers, Daniel},
  publisher={Springer International Publishing},
  pages={834-849},
  year={2014},
}

@article{guerrero2017white,
  title={White matter hyperintensity and stroke lesion segmentation and differentiation using convolutional neural networks},
  author={Guerrero, R and Qin, C and Oktay, O and Bowles, C and Chen, L and Joules, R and Wolz, R and Valdes-Hernandez, MC and Dickie, DA and Wardlaw, J and others},
  journal={arXiv preprint arXiv:1706.00935},
  year={2017}
}

@inproceedings{ronneberger2015u,
  title={U-net: Convolutional networks for biomedical image segmentation},
  author={Ronneberger, Olaf and Fischer, Philipp and Brox, Thomas},
  booktitle={International Conference on Medical Image Computing and Computer-Assisted Intervention},
  pages={234--241},
  year={2015},
  organization={Springer}
}

@inproceedings{he2016deep,
  title={Deep residual learning for image recognition},
  author={He, Kaiming and Zhang, Xiangyu and Ren, Shaoqing and Sun, Jian},
  booktitle={Proceedings of the IEEE conference on computer vision and pattern recognition},
  pages={770--778},
  year={2016}
}

@article{latif2017addressing,
  title={Addressing Challenging Place Recognition Tasks using Generative Adversarial Networks},
  author={Latif, Yasir and Garg, Ravi and Milford, Michael and Reid, Ian},
  journal={arXiv preprint arXiv:1709.08810},
  year={2017}
}

@inproceedings{ulrich2000appearance,
  title={Appearance-based place recognition for topological localization},
  author={Ulrich, Iwan and Nourbakhsh, Illah},
  booktitle={Robotics and Automation, 2000. Proceedings. ICRA'00. IEEE International Conference on},
  volume={2},
  pages={1023--1029},
  year={2000},
  organization={Ieee}
}

@article{kuipers2000spatial,
  title={The spatial semantic hierarchy},
  author={Kuipers, Benjamin},
  journal={Artificial intelligence},
  volume={119},
  number={1-2},
  pages={191--233},
  year={2000},
  publisher={Elsevier}
}

@article{choi2017stargan,
  title={StarGAN: Unified Generative Adversarial Networks for Multi-Domain Image-to-Image Translation},
  author={Choi, Yunjey and Choi, Minje and Kim, Munyoung and Ha, Jung-Woo and Kim, Sunghun and Choo, Jaegul},
  journal={arXiv preprint arXiv:1711.09020},
  year={2017}
}
@inproceedings{wang2018monocular,
  title={Monocular visual odometry scale recovery using geometrical constraint},
  author={Wang, Xiangwei and Zhang, Hui and Yin, Xiaochuan and Du, Mingxiao and Chen, Qijun},
  booktitle={2018 IEEE International Conference on Robotics and Automation (ICRA)},
  pages={988--995},
  year={2018},
  organization={IEEE}
}
@inproceedings{Shewchuk1996Triangle,
  title={Triangle: Engineering a 2D quality mesh generator and Delaunay triangulator},
  author={Shewchuk, Jonathan Richard},
  booktitle={Workshop on Applied Computational Geometry},
  year={1996},
}
@article{salarian2018improved,
  title={Improved Image-Based Localization Using SFM and Modified Coordinate System Transfer},
  author={Salarian, Mahdi and Iliev, Nick and Cetin, Ahmet Enis and Ansari, Rashid},
  journal={IEEE Transactions on Multimedia},
  volume={20},
  number={12},
  pages={3298--3310},
  year={2018},
  publisher={IEEE}
}
@inproceedings{liu2012finding,
  title={Finding perfect rendezvous on the go: accurate mobile visual localization and its applications to routing},
  author={Liu, Heng and Mei, Tao and Luo, Jiebo and Li, Houqiang and Li, Shipeng},
  booktitle={Proceedings of the 20th ACM international conference on Multimedia},
  pages={9--18},
  year={2012}
}
@article{Rosten2006Machine,
  title={Machine learning for very high-speed corner detection},
  author={Rosten, E.},
  journal={Eccv06 May},
  year={2006},
}
@article{Costante2015Exploring,
  title={Exploring Representation Learning With CNNs for Frame-to-Frame Ego-Motion Estimation},
  author={Costante, Gabriele and Mancini, Michele and Valigi, Paolo and Ciarfuglia, Thomas Alessandro},
  journal={IEEE Robotics and Automation Letters},
  volume={1},
  number={1},
  pages={18-25},
  year={2015},
}
@article{2017HNIP,
  title={HNIP: Compact Deep Invariant Representations for Video Matching, Localization, and Retrieval},
  author={ Lin, Jie  and  Duan, Ling Yu  and  Wang, Shiqi  and  Bai, Yan  and  Lou, Yihang  and  Chandrasekhar, Vijay  and  Huang, Tiejun  and  Kot, Alex  and  Gao, Wen },
  journal={IEEE Transactions on Multimedia},
  volume={19},
  number={9},
  pages={1968-1983},
  year={2017},
}
@article{chen2007automatically,
  title={Automatically-determined region of interest in JPEG 2000},
  author={Chen, Oscal T-C and Chen, Chih-Chang},
  journal={IEEE Transactions on Multimedia},
  volume={9},
  number={7},
  pages={1333--1345},
  year={2007},
  publisher={IEEE}
}
@article{chen2012tag,
  title={Tag-based image retrieval improved by augmented features and group-based refinement},
  author={Chen, Lin and Xu, Dong and Tsang, Ivor W and Luo, Jiebo},
  journal={IEEE Transactions on Multimedia},
  volume={14},
  number={4},
  pages={1057--1067},
  year={2012},
  publisher={IEEE}
}
@article{chadha2017voronoi,
  title={Voronoi-based compact image descriptors: Efficient region-of-interest retrieval with VLAD and deep-learning-based descriptors},
  author={Chadha, Aaron and Andreopoulos, Yiannis},
  journal={IEEE Transactions on Multimedia},
  volume={19},
  number={7},
  pages={1596--1608},
  year={2017},
  publisher={IEEE}
}
@article{piao2019real,
  title={Real-Time Visual--Inertial SLAM Based on Adaptive Keyframe Selection for Mobile AR Applications},
  author={Piao, Jin-Chun and Kim, Shin-Dug},
  journal={IEEE Transactions on Multimedia},
  volume={21},
  number={11},
  pages={2827--2836},
  year={2019},
  publisher={IEEE}
}
@article{engel2017direct,
  title={Direct sparse odometry},
  author={Engel, Jakob and Koltun, Vladlen and Cremers, Daniel},
  journal={IEEE transactions on pattern analysis and machine intelligence},
  volume={40},
  number={3},
  pages={611--625},
  year={2017},
  publisher={IEEE}
}
@article{luo2018real,
  title={Real-time dense monocular SLAM with online adapted depth prediction network},
  author={Luo, Hongcheng and Gao, Yang and Wu, Yuhao and Liao, Chunyuan and Yang, Xin and Cheng, Kwang-Ting},
  journal={IEEE Transactions on Multimedia},
  volume={21},
  number={2},
  pages={470--483},
  year={2018},
  publisher={IEEE}
}
@article{lin2017hnip,
  title={Hnip: Compact deep invariant representations for video matching, localization, and retrieval},
  author={Lin, Jie and Duan, Ling-Yu and Wang, Shiqi and Bai, Yan and Lou, Yihang and Chandrasekhar, Vijay and Huang, Tiejun and Kot, Alex and Gao, Wen},
  journal={IEEE Transactions on Multimedia},
  volume={19},
  number={9},
  pages={1968--1983},
  year={2017},
  publisher={IEEE}
}
@article{zhou2019ground,
  title={Ground-plane-based absolute scale estimation for monocular visual odometry},
  author={Zhou, Dingfu and Dai, Yuchao and Li, Hongdong},
  journal={IEEE Transactions on Intelligent Transportation Systems},
  volume={21},
  number={2},
  pages={791--802},
  year={2019},
  publisher={IEEE}
}
@inproceedings{zhou2016reliable,
   author = {Zhou, Dingfu and Dai, Yuchao and Li, Hongdong},
   title = {Reliable scale estimation and correction for monocular Visual Odometry},
   booktitle = {Intelligent Vehicles Symposium (IV), 2016 IEEE},
   publisher = {IEEE},
   pages = {490-495},
   ISBN = {1509018212},
   year={2016},
   type = {Conference Proceedings}
}
@inproceedings{Nister2004Visual,
  title={Visual odometry},
  author={Nister, D. and Naroditsky, O. and Bergen, J. R.},
  booktitle={Computer Vision and Pattern Recognition, 2004. CVPR 2004. Proceedings of the 2004 IEEE Computer Society Conference on},
  year={2004},
}
@inproceedings{geiger2012we,
  title={Are we ready for autonomous driving? the kitti vision benchmark suite},
  author={Geiger, Andreas and Lenz, Philip and Urtasun, Raquel},
  booktitle={2012 IEEE Conference on Computer Vision and Pattern Recognition},
  pages={3354--3361},
  year={2012},
  organization={IEEE}
}
@inproceedings{Frost2016Object,
  title={Object-aware bundle adjustment for correcting monocular scale drift},
  author={Frost, Duncan P. and Kahler, Olaf and Murray, David W.},
  booktitle={2016 IEEE International Conference on Robotics and Automation (ICRA)},
  year={2016},
}
@article{Fanani2017Predictive,
  title={Predictive monocular odometry (PMO): What is possible without RANSAC and multiframe bundle adjustment?},
  author={Fanani, Nolang and Stuerck, Alina and Ochs, Matthias and Bradler, Henry and Mester, Rudolf},
  journal={Image & Vision Computing},
  volume={68},
  number={dec.},
  pages={3-13},
  year={2017},
}
@inproceedings{lee2015online,
  title={Online self-supervised monocular visual odometry for ground vehicles},
  author={Lee, Bhoram and Daniilidis, Kostas and Lee, Daniel D},
  booktitle={2015 IEEE International Conference on Robotics and Automation (ICRA)},
  pages={5232--5238},
  year={2015},
  organization={IEEE}
}
@inproceedings{rosten2006machine,
  title={Machine learning for high-speed corner detection},
  author={Rosten, Edward and Drummond, Tom},
  booktitle={European Conference on Computer Vision},
  pages={430--443},
  year={2006},
  organization={Springer}
}
@article{strasdat2010scale,
  title={Scale drift-aware large scale monocular SLAM},
  author={Strasdat, Hauke and Montiel, J and Davison, Andrew J},
  journal={Robotics: Science and Systems VI},
  volume={2},
  number={3},
  pages={7},
  publisher={Universidad de Zaragoza Zaragoza, Spain}
}
@article{kitt2011mono,
   author={Kitt, Bernd Manfred and Rehder, JÃ¶rn and Chambers, Andrew D and Schonbein, Miriam and Lategahn, Henning and Singh, Sanjiv},
   title={Monocular visual odometry using a planar road model to solve scale ambiguity},
   year={2011},
   type={Journal Article}
}
@inproceedings{forster2015imu,
     title={IMU preintegration on manifold for efficient visual-inertial maximum-a-posteriori estimation},
    author={Forster, Christian and Carlone, Luca and Dellaert, Frank and Scaramuzza, Davide},
    year={2015},
    organization={Georgia Institute of Technology}
}
@inproceedings{usenko2016direct,
      title={Direct visual-inertial odometry with stereo cameras},
        author={Usenko, Vladyslav and Engel, Jakob and St{\"u}ckler, J{\"o}rg and Cremers, Daniel},
          booktitle={Robotics and Automation (ICRA), 2016 IEEE International Conference on},
            pages={1885--1892},
              year={2016},
                organization={IEEE}
}
@article{luong1996fundamental,
      title={The fundamental matrix: Theory, algorithms, and stability analysis},
        author={Luong, Quan-Tuan and Faugeras, Olivier D},
          journal={International journal of computer vision},
            volume={17},
              number={1},
                pages={43--75},
                  year={1996},
                    publisher={Springer}
}
@article{lepetit2009epnp,
      title={Epnp: An accurate o (n) solution to the pnp problem},
        author={Lepetit, Vincent and Moreno-Noguer, Francesc and Fua, Pascal},
          journal={International journal of computer vision},
            volume={81},
              number={2},
                pages={155},
                  year={2009},
                    publisher={Springer}
}
@book{Zhang2014Robust,
  title={Robust monocular visual odometry for a ground vehicle in undulating Terrain},
  author={Zhang, Ji and Singh, Sanjiv and Kantor, George},
  publisher={Springer Berlin Heidelberg},
  year={2014},
}
@article{zhang2015demo,
   author = {Zhang, Ji and Kaess, Michael and Singh, Sanjiv},
   title = {A real-time method for depth enhanced visual odometry},
   journal = {Autonomous Robots},
   pages = {1-13},
   ISSN = {0929-5593},
   year = {2015},
   type = {Journal Article}
}
@article{kalman1960filter,
        Author = {Kalman, Rudolph Emil},
            Title = {A New Approach to Linear Filtering and Prediction Problems},
                Journal = {Transactions of the ASME--Journal of Basic Engineering},
                    Volume = {82},
                        Number = {Series D},
                            Pages = {35--45},
                                Year = {1960}
}
@article{costante2016exploring,
      title={Exploring representation learning with cnns for frame-to-frame ego-motion estimation},
        author={Costante, Gabriele and Mancini, Michele and Valigi, Paolo and Ciarfuglia, Thomas A},
          journal={IEEE Robotics and Automation Letters},
            volume={1},
              number={1},
                pages={18--25},
                  year={2016},
                    publisher={IEEE}
}
@article{ciarfuglia2014evaluation,
      title={Evaluation of non-geometric methods for visual odometry},
        author={Ciarfuglia, Thomas A and Costante, Gabriele and Valigi, Paolo and Ricci, Elisa},
          journal={Robotics and Autonomous Systems},
            volume={62},
              number={12},
                pages={1717--1730},
                  year={2014},
                    publisher={Elsevier}
}
@inproceedings{eigen2014depth,
      title={Depth map prediction from a single image using a multi-scale deep network},
        author={Eigen, David and Puhrsch, Christian and Fergus, Rob},
          booktitle={Advances in neural information processing systems},
            pages={2366--2374},
              year={2014}
}
@article{liu2016learning,
      title={Learning depth from single monocular images using deep convolutional neural fields},
        author={Liu, Fayao and Shen, Chunhua and Lin, Guosheng and Reid, Ian},
          journal={IEEE transactions on pattern analysis and machine intelligence},
            volume={38},
              number={10},
                pages={2024--2039},
                  year={2016},
                    publisher={IEEE}
}
@inproceedings{shibata2015scale,
      title={Scale-reconstructable Structure from Motion using refraction with a single camera},
        author={Shibata, Akira and Fujii, Hiromitsu and Yamashita, Atsushi and Asama, Hajime},
          booktitle={Robotics and Automation (ICRA), 2015 IEEE International Conference on},
            pages={5239--5244},
              year={2015},
                organization={IEEE}
}
@inproceedings{zhang2015vlidar,
   author = {Zhang, Ji and Singh, Sanjiv},
   title = {Visual-lidar odometry and mapping: Low-drift, robust, and fast},
   booktitle = {2015 IEEE International Conference on Robotics and Automation (ICRA)},
   publisher = {IEEE},
   pages = {2174-2181},
   ISBN = {1050-4729},
   year={2015},
   type = {Conference Proceedings}
}
@article{strasdat2010scale,
  title={Scale drift-aware large scale monocular SLAM},
  author={Strasdat, Hauke and Montiel, J and Davison, Andrew J},
  journal={Robotics: Science and Systems VI},
  volume={2},
  number={3},
  pages={7},
  year={2010},
  publisher={Universidad de Zaragoza Zaragoza, Spain}
}
@inproceedings{klein2007parallel,
  title={Parallel tracking and mapping for small AR workspaces},
  author={Klein, Georg and Murray, David},
  booktitle={2007 6th IEEE and ACM international symposium on mixed and augmented reality},
  pages={225--234},
  year={2007},
  organization={IEEE}
}
@inproceedings{mouragnon2006real,
  title={Real time localization and 3d reconstruction},
  author={Mouragnon, Etienne and Lhuillier, Maxime and Dhome, Michel and Dekeyser, Fabien and Sayd, Patrick},
  booktitle={2006 IEEE Computer Society Conference on Computer Vision and Pattern Recognition (CVPR'06)},
  volume={1},
  pages={363--370},
  year={2006},
  organization={IEEE}
}
@article{scaramuzza2011visual,
  title={Visual odometry [tutorial]},
  author={Scaramuzza, Davide and Fraundorfer, Friedrich},
  journal={IEEE robotics \& automation magazine},
  volume={18},
  number={4},
  pages={80--92},
  year={2011},
  publisher={IEEE}
}
@inproceedings{zhang2014loam,
  title={LOAM: Lidar Odometry and Mapping in Real-time.},
  author={Zhang, Ji and Singh, Sanjiv},
  booktitle={Robotics: Science and Systems},
  volume={2},
  number={9},
  year={2014}
}
@article{scaramuzza2011vo,
   author = {Scaramuzza, D. and Fraundorfer, F.},
   title = {Visual Odometry: Part I - The First 30 Years and Fundamentals},
   journal = {IEEE Robotics and Automation Magazine},
   volume = {4},
   year = {2011},
   type = {Journal Article}
}
@article{scaramuzza2012visual,
  title={Visual Odometry Part II: Matching, robustness, optimization and applications},
  author={Scaramuzza, Davide and Fraundorfer, Friedrich},
  journal={IEEE Robotics \& Automation Magazine},
  volume={19},
  number={2},
  pages={78--90},
  year={2012}
}
@article{cadena2016slam,
   author = {Cadena, Cesar and Carlone, Luca and Carrillo, Henry and Latif, Yasir and Scaramuzza, Davide and Neira, Jose and Reid, Ian D. and Leonard, John J.},
   title = {Simultaneous Localization And Mapping: Present, Future, and the Robust-Perception Age},
   journal = {CoRR},
   volume = {abs/1606.05830},
   url = {http://arxiv.org/abs/1606.05830},
   year = {2016},
   type = {Journal Article}
}
@inproceedings{Li2018,
  title={[IEEE 2018 IEEE International Conference on Robotics and Automation (ICRA) - Brisbane, Australia (2018.5.21-2018.5.25)] 2018 IEEE International Conference on Robotics and Automation (ICRA) - Direct Line Guidance Odometry},
  author={Li, Shi-Jie and Ren, Bo and Liu, Yun and Cheng, Ming-Ming and Frost, Duncan and Prisacariu, Victor Adrian},
  year={2018},
}
@misc{hui,
   author = {Engel, J. and Koltun, V. and Cremers, D.},
   title = {Direct Sparse Odometry},
   month = {July},
   keywords = {mono-ds,dso},
   year = {2016},
   type = {Conference Paper}
}
@inproceedings{engel2014lsd,
      title={LSD-SLAM: Large-scale direct monocular SLAM},
        author={Engel, Jakob and Sch{\"o}ps, Thomas and Cremers, Daniel},
          booktitle={European Conference on Computer Vision},
            pages={834--849},
              year={2014},
                organization={Springer}
}
@article{raul2015orb,
   author = {Mur-Artal, Raul and Montiel, JMM and TardÃ³s, Juan D},
   title = {Orb-slam: a versatile and accurate monocular slam system},
   journal = {IEEE Transactions on Robotics},
   volume = {31},
   number = {5},
   pages = {1147-1163},
   ISSN = {1552-3098},
   year = {2015},
   type = {Journal Article}
}
@article{Mur2016ORB,
  title={ORB-SLAM2: an Open-Source SLAM System for Monocular, Stereo and RGB-D Cameras},
  author={Mur-Artal, Raul and Tardos, Juan D.},
  journal={IEEE Transactions on Robotics},
  volume={33},
  number={5},
  pages={1255-1262},
  year={2016},
}
@inproceedings{engel2014lsd,
  title={LSD-SLAM: Large-scale direct monocular SLAM},
  author={Engel, Jakob and Sch{\"o}ps, Thomas and Cremers, Daniel},
  booktitle={European Conference on Computer Vision},
  pages={834--849},
  year={2014},
  organization={Springer}
}
@inproceedings{forster2014svo,
  title={SVO: Fast semi-direct monocular visual odometry},
  author={Forster, Christian and Pizzoli, Matia and Scaramuzza, Davide},
  booktitle={2014 IEEE International Conference on Robotics and Automation (ICRA)},
  pages={15--22},
  year={2014},
  organization={IEEE}
}
@inproceedings{newcombe2011dtam,
  title={DTAM: Dense tracking and mapping in real-time},
  author={Newcombe, Richard A and Lovegrove, Steven J and Davison, Andrew J},
  booktitle={2011 International Conference on Computer Vision},
  pages={2320--2327},
  year={2011},
  organization={IEEE}
}
@inproceedings{song2014robust,
  title={Robust scale estimation in real-time monocular SFM for autonomous driving},
  author={Song, Shiyu and Chandraker, Manmohan},
  booktitle={Proceedings of the IEEE Conference on Computer Vision and Pattern Recognition},
  pages={1566--1573},
  year={2014}
}
@inproceedings{mirabdollah2015fast,
  title={Fast techniques for monocular visual odometry},
  author={Mirabdollah, M Hossein and Mertsching, B{\"a}rbel},
  booktitle={German Conference on Pattern Recognition},
  pages={297--307},
  year={2015},
  organization={Springer}
}
@inproceedings{lovegrove2011accurate,
  title={Accurate visual odometry from a rear parking camera},
  author={Lovegrove, Steven and Davison, Andrew J and Ibanez-Guzm{\'a}n, Javier},
  booktitle={2011 IEEE Intelligent Vehicles Symposium (IV)},
  pages={788--793},
  year={2011},
  organization={IEEE}
}
@article{kitt2011monocular,
  title={Monocular visual odometry using a planar road model to solve scale ambiguity},
  author={Kitt, Bernd Manfred and Rehder, Joern and Chambers, Andrew D and Schonbein, Miriam and Lategahn, Henning and Singh, Sanjiv},
  year={2011},
  publisher={Carnegie Mellon University}
}
@inproceedings{fanani2017multimodal,
  title={Multimodal scale estimation for monocular visual odometry},
  author={Fanani, Nolang and St{\"u}rck, Alina and Barnada, Marc and Mester, Rudolf},
  booktitle={2017 IEEE Intelligent Vehicles Symposium (IV)},
  pages={1714--1721},
  year={2017},
  organization={IEEE}
}
@article{scaramuzza2008appearance,
  title={Appearance-guided monocular omnidirectional visual odometry for outdoor ground vehicles},
  author={Scaramuzza, Davide and Siegwart, Roland},
  journal={IEEE transactions on robotics},
  volume={24},
  number={5},
  pages={1015--1026},
  year={2008},
  publisher={IEEE}
}
@inproceedings{scaramuzza2009absolute,
  title={Absolute scale in structure from motion from a single vehicle mounted camera by exploiting nonholonomic constraints},
  author={Scaramuzza, Davide and Fraundorfer, Friedrich and Pollefeys, Marc and Siegwart, Roland},
  booktitle={2009 IEEE 12th International Conference on Computer Vision},
  pages={1413--1419},
  year={2009},
  organization={IEEE}
}
@article{choi2015new,
  title={A new 2-point absolute pose estimation algorithm under planar motion},
  author={Choi, Sung-In and Park, Soon-Yong},
  journal={Advanced Robotics},
  volume={29},
  number={15},
  pages={1005--1013},
  year={2015},
  publisher={Taylor \and Francis}
}
@inproceedings{pereira2017monocular,
  title={Monocular visual odometry with cyclic estimation},
  author={Pereira, Fabio Irigon and Ilha, Gustavo and Luft, Joel and Negreiros, Marcelo and Susin, Altamiro},
  booktitle={2017 30th SIBGRAPI Conference on Graphics, Patterns and Images (SIBGRAPI)},
  pages={1--6},
  year={2017},
  organization={IEEE}
}
@inproceedings{gutierrez2012full,
  title={Full scaled 3d visual odometry from a single wearable omnidirectional camera},
  author={Guti{\'e}rrez-G{\'o}mez, Daniel and Puig, Luis and Guerrero, Jos{\'e} Jes{\'u}s},
  booktitle={2012 IEEE/RSJ International Conference on Intelligent Robots and Systems},
  pages={4276--4281},
  year={2012},
  organization={IEEE}
}
@inproceedings{grater2015robust,
  title={Robust scale estimation for monocular visual odometry using structure from motion and vanishing points},
  author={Gr{\"a}ter, Johannes and Schwarze, Tobias and Lauer, Martin},
  booktitle={2015 IEEE Intelligent Vehicles Symposium (IV)},
  pages={475--480},
  year={2015},
  organization={IEEE}
}
@article{Song2015MoncularScale,
   author = {Song, Shiyu and Chandraker, Manmohan and Guest, Clark},
   title = {High Accuracy Monocular SFM and Scale Correction for Autonomous Driving},
   journal = {IEEE Transactions on Pattern Analysis and Machine Intelligence},
   pages = {1-1},
   year = {2015},
   type = {Journal Article}
}
@misc{Lee2015MoncularScale,
   author = {Lee, B. and Daniilidis, K. and Lee, D. D.},
   title = {Online self-supervised monocular visual odometry for ground vehicles},
   pages = {5232-5238},
   year = {2015},
   type = {Conference Paper}
}
@inproceedings{triggs1999bundle,
  title={Bundle adjustmentâa modern synthesis},
  author={Triggs, Bill and McLauchlan, Philip F and Hartley, Richard I and Fitzgibbon, Andrew W},
  booktitle={International workshop on vision algorithms},
  pages={298--372},
  year={1999},
  organization={Springer}
}
@INPROCEEDINGS{Geiger2011IV,
  author = {Andreas Geiger and Julius Ziegler and Christoph Stiller},
  title = {StereoScan: Dense 3D Reconstruction in Real-time},
  booktitle = {Intelligent Vehicles Symposium (IV)},
  year = {2011}
}

@inproceedings{choi2011does,
  title={What does ground tell us? Monocular visual odometry under planar motion constraint},
  author={Choi, Sunglok and Joung, Ji Hoon and Yu, Wonpil and Cho, Jae-Il},
  booktitle={2011 11th International Conference on Control, Automation and Systems},
  pages={1480--1485},
  year={2011},
  organization={IEEE}
}

@article{Gall2015,
  title={[Lecture Notes in Computer Science] Pattern Recognition Volume 9358 || Fast Techniques for Monocular Visual Odometry},
  author={Gall, Juergen and Gehler, Peter and Leibe, Bastian},
  volume={10.1007/978-3-319-24947-6},
  number={Chapter 24},
  pages={297-307},
  year={2015},
}
@inproceedings{westerhoff2016development,
  title={Development and comparison of homography based estimation techniques for camera to road surface orientation},
  author={Westerhoff, Jens and Lessmann, Stephanie and Meuter, Mirko and Siegemund, Jan and Kummert, Anton},
  booktitle={2016 IEEE Intelligent Vehicles Symposium (IV)},
  pages={1034--1040},
  year={2016},
  organization={IEEE}
}
@article{hoiem2007recovering,
  title={Recovering surface layout from an image},
  author={Hoiem, Derek and Efros, Alexei A and Hebert, Martial},
  journal={International Journal of Computer Vision},
  volume={75},
  number={1},
  pages={151},
  year={2007},
  publisher={Springer}
}

@article{Mirza2014Conditional,
  title={Conditional Generative Adversarial Nets},
  author={Mirza, Mehdi and Osindero, Simon},
  journal={Computer Science},
  pages={2672-2680},
  year={2014},
}
@article{Goodfellow2014Generative,
  title={Generative Adversarial Networks},
  author={Goodfellow, Ian J. and Pougetabadie, Jean and Mirza, Mehdi and Xu, Bing and Wardefarley, David and Ozair, Sherjil and Courville, Aaron and Bengio, Yoshua},
  journal={Advances in Neural Information Processing Systems},
  volume={3},
  pages={2672-2680},
  year={2014},
}

@article{Arjovsky2017Wasserstein,
  title={Wasserstein GAN},
  author={Arjovsky, Martin and Chintala, Soumith and Bottou, LÃ©on},
  year={2017},
}
@article{Gulrajani2017Improved,
  title={Improved Training of Wasserstein GANs},
  author={Gulrajani, Ishaan and Ahmed, Faruk and Arjovsky, Martin and Dumoulin, Vincent and Courville, Aaron},
  year={2017},
}
@inproceedings{Song2013Parallel,
  title={Parallel, Real-Time Monocular Visual Odometry},
  author={Song, Shiyu and Chandraker, Manmohan and Guest, Clark C.},
  booktitle={IEEE International Conference on Robotics and Automation},
  year={2013},
}
@inproceedings{Sturm2012A,
  title={A benchmark for the evaluation of RGB-D SLAM systems},
  author={Sturm, JÃ¼rgen and Engelhard, Nikolas and Endres, Felix and Burgard, Wolfram and Cremers, Daniel},
  booktitle={IEEE/RSJ International Conference on Intelligent Robots and Systems},
  year={2012},
}
@article{Nister2004An,
  title={An Efficient Solution to the Five-Point Relative Pose Problem},
  author={Nister and D.},
  journal={IEEE Transactions on Pattern Analysis and Machine Intelligence},
  volume={26},
  number={6},
  pages={756-770},
  year={2004},
}
@article{Cadena2016Simultaneous,
  title={Simultaneous Localization And Mapping: Present, Future, and the Robust-Perception Age},
  author={Cadena, Cesar and Carlone, Luca and Carrillo, Henry and Latif, Yasir and Leonard, John J.},
  journal={IEEE Transactions on Robotics},
  volume={32},
  number={6},
  year={2016},
}
@inproceedings{Forster2014SVO,
  title={SVO: Fast Semi-Direct Monocular Visual Odometry},
  author={Forster, Christian and Pizzoli, Matia and Scaramuzzaâ, Davide},
  booktitle={IEEE International Conference on Robotics and Automation},
  year={2014},
}
@article{Yang2017Pop,
  title={Pop-up SLAM: Semantic Monocular Plane SLAM for Low-texture Environments},
  author={Yang, Shichao and Song, Yu and Kaess, Michael and Scherer, Sebastian},
  year={2017},
}
@article{FISCHLER1981Random,
  title={Random sample consensus : A paradigm for model fitting with applications to image analysis and automated cartgraphy},
  author={FISCHLER,M. A.},
  journal={Comm of Acm},
  volume={24},
  year={1981},
}

@inproceedings{rukhovich2019estimation,
  title={Estimation of Absolute Scale in Monocular SLAM Using Synthetic Data},
  author={Rukhovich, Danila and Mouritzen, Daniel and Kaestner, Ralf and Rufli, Martin and Velizhev, Alexander},
  booktitle={Proceedings of the IEEE International Conference on Computer Vision Workshops},
  pages={0--0},
  year={2019}
}
@article{xue2020toward,
  title={Toward Hierarchical Self-Supervised Monocular Absolute Depth Estimation for Autonomous Driving Applications},
  author={Xue, Feng and Zhuo, Guirong and Huang, Ziyuan and Fu, Wufei and Wu, Zhuoyue and Ang Jr, Marcelo H},
  journal={arXiv preprint arXiv:2004.05560},
  year={2020}
}
@article{zhou2019ground,
  title={Ground-Plane-Based Absolute Scale Estimation for Monocular Visual Odometry},
  author={Zhou, Dingfu and Dai, Yuchao and Li, Hongdong},
  journal={IEEE Transactions on Intelligent Transportation Systems},
  year={2019},
  publisher={IEEE}
}
@inproceedings{irani1999direct,
  title={About direct methods},
  author={Irani, Michal and Anandan, P},
  booktitle={International Workshop on Vision Algorithms},
  pages={267--277},
  year={1999},
  organization={Springer}
}
@article{wang2020tartanair,
  title={TartanAir: A Dataset to Push the Limits of Visual SLAM},
  author={Wang, Wenshan and Zhu, Delong and Wang, Xiangwei and Hu, Yaoyu and Qiu, Yuheng and Wang, Chen and Hu, Yafei and Kapoor, Ashish and Scherer, Sebastian},
  journal={arXiv preprint arXiv:2003.14338},
  year={2020}
}
@inproceedings{nister2006scalable,
  title={Scalable recognition with a vocabulary tree},
  author={Nister, David and Stewenius, Henrik},
  booktitle={2006 IEEE Computer Society Conference on Computer Vision and Pattern Recognition (CVPR'06)},
  volume={2},
  pages={2161--2168},
  year={2006},
  organization={Ieee}
}
@article{chow1968approximating,
  title={Approximating discrete probability distributions with dependence trees},
  author={Chow, C and Liu, Cong},
  journal={IEEE transactions on Information Theory},
  volume={14},
  number={3},
  pages={462--467},
  year={1968},
  publisher={IEEE}
}
@inproceedings{geiger2010efficient,
  title={Efficient large-scale stereo matching},
  author={Geiger, Andreas and Roser, Martin and Urtasun, Raquel},
  booktitle={Asian conference on computer vision},
  pages={25--38},
  year={2010},
  organization={Springer}
}
@inproceedings{badino2013visual,
  title={Visual odometry by multi-frame feature integration},
  author={Badino, Hern{\'a}n and Yamamoto, Akihiro and Kanade, Takeo},
  booktitle={Proceedings of the IEEE International Conference on Computer Vision Workshops},
  pages={222--229},
  year={2013}
}
@inproceedings{scaramuzza2006flexible,
  title={A flexible technique for accurate omnidirectional camera calibration and structure from motion},
  author={Scaramuzza, Davide and Martinelli, Agostino and Siegwart, Roland},
  booktitle={Fourth IEEE International Conference on Computer Vision Systems (ICVS'06)},
  pages={45--45},
  year={2006},
  organization={IEEE}
}
@article{choi1997performance,
  title={Performance evaluation of RANSAC family},
  author={Choi, Sunglok and Kim, Taemin and Yu, Wonpil},
  journal={Journal of Computer Vision},
  volume={24},
  number={3},
  pages={271--300},
  year={1997}
}
@article{pereira2018novel,
  title={A Novel Resection--Intersection Algorithm With Fast Triangulation Applied to Monocular Visual Odometry},
  author={Pereira, Fabio Irigon and Luft, Joel Augusto and Ilha, Gustavo and Susin, Altamiro},
  journal={IEEE Transactions on Intelligent Transportation Systems},
  volume={19},
  number={11},
  pages={3584--3593},
  year={2018},
  publisher={IEEE}
}
@inproceedings{yin2017scale,
  title={Scale recovery for monocular visual odometry using depth estimated with deep convolutional neural fields},
  author={Yin, Xiaochuan and Wang, Xiangwei and Du, Xiaoguo and Chen, Qijun},
  booktitle={Proceedings of the IEEE International Conference on Computer Vision},
  pages={5870--5878},
  year={2017}
}
@inproceedings{Tristan2019DeepFusion,
  title={DeepFusion: Real-Time Dense 3D Reconstruction for Monocular SLAM using Single-View Depth and Gradient Predictions},
  author={Tristan Laidlow and Jan Czarnowski and Stefan Leutenegger},
  booktitle={2019 International Conference on Robotics and Automation (ICRA)},
  year={2019},
}
@article{cummins2008fab,
  title={FAB-MAP: Probabilistic localization and mapping in the space of appearance},
  author={Cummins, Mark and Newman, Paul},
  journal={The International Journal of Robotics Research},
  volume={27},
  number={6},
  pages={647--665},
  year={2008},
  publisher={SAGE Publications Sage UK: London, England}
}
@article{Cadena2016Past,
  title={Past, Present, and Future of Simultaneous Localization and Mapping: Toward the Robust-Perception Age},
  author={Cadena, Cesar and Carlone, Luca and Carrillo, Henry and Latif, Yasir and Scaramuzza, Davide and Neira, JosÃ© and Reid, Ian and Leonard, John J.},
  journal={IEEE Transactions on Robotics},
  volume={32},
  number={6},
  pages={1309-1332},
  year={2016},
}
@article{karsch2014depth,
  title={Depth transfer: Depth extraction from video using non-parametric sampling},
  author={Karsch, Kevin and Liu, Ce and Kang, Sing Bing},
  journal={IEEE transactions on pattern analysis and machine intelligence},
  volume={36},
  number={11},
  pages={2144--2158},
  year={2014},
  publisher={IEEE}
}
@inproceedings{ranftl2016dense,
  title={Dense monocular depth estimation in complex dynamic scenes},
  author={Ranftl, Rene and Vineet, Vibhav and Chen, Qifeng and Koltun, Vladlen},
  booktitle={Proceedings of the IEEE conference on computer vision and pattern recognition},
  pages={4058--4066},
  year={2016}
}

@article{yang2019bayesian,
  title={Bayesian DeNet: monocular depth prediction and frame-wise fusion with synchronized uncertainty},
  author={Yang, Xin and Gao, Yang and Luo, Hongcheng and Liao, Chunyuan and Cheng, Kwang-Ting},
  journal={IEEE Transactions on Multimedia},
  volume={21},
  number={11},
  pages={2701--2713},
  year={2019},
  publisher={IEEE}
}
@inproceedings{eigen2015predicting,
  title={Predicting depth, surface normals and semantic labels with a common multi-scale convolutional architecture},
  author={Eigen, David and Fergus, Rob},
  booktitle={Proceedings of the IEEE international conference on computer vision},
  pages={2650--2658},
  year={2015}
}
@article{saxena2008make3d,
  title={Make3d: Learning 3d scene structure from a single still image},
  author={Saxena, Ashutosh and Sun, Min and Ng, Andrew Y},
  journal={IEEE transactions on pattern analysis and machine intelligence},
  volume={31},
  number={5},
  pages={824--840},
  year={2008},
  publisher={IEEE}
}
@inproceedings{li2015depth,
  title={Depth and surface normal estimation from monocular images using regression on deep features and hierarchical crfs},
  author={Li, Bo and Shen, Chunhua and Dai, Yuchao and Van Den Hengel, Anton and He, Mingyi},
  booktitle={Proceedings of the IEEE conference on computer vision and pattern recognition},
  pages={1119--1127},
  year={2015}
}
@inproceedings{saxena2006learning,
  title={Learning depth from single monocular images},
  author={Saxena, Ashutosh and Chung, Sung H and Ng, Andrew Y},
  booktitle={Advances in neural information processing systems},
  pages={1161--1168},
  year={2006}
}
@inproceedings{hyhuang2020rdvo,
title={Monocular Visual Odometry using Learned Repeatability and Description},
author={Huaiyang Huang, Haoyang Ye, Yuxiang Sun and Ming Liu},
booktitle={IEEE International Conference on Robotics and Automation (ICRA)},
year={2020},
organization={IEEE}
}
@inproceedings{sturm2012benchmark,
  title={A benchmark for the evaluation of RGB-D SLAM systems},
  author={Sturm, J{\"u}rgen and Engelhard, Nikolas and Endres, Felix and Burgard, Wolfram and Cremers, Daniel},
  booktitle={2012 IEEE/RSJ International Conference on Intelligent Robots and Systems},
  pages={573--580},
  year={2012},
  organization={IEEE}
}

@inproceedings{zhang2017dynamic,
  title={Dynamic Environments Localization via Dimensions Reduction of Deep Learning Features},
  author={Zhang, Hui and Wang, Xiangwei and Du, Xiaoguo and Liu, Ming and Chen, Qijun},
  booktitle={International Conference on Computer Vision Systems},
  pages={239--253},
  year={2017},
  organization={Springer}
}

@inproceedings{milford2012seqslam,
  title={SeqSLAM: Visual route-based navigation for sunny summer days and stormy winter nights},
  author={Milford, Michael J and Wyeth, Gordon F},
  booktitle={Robotics and Automation (ICRA), 2012 IEEE International Conference on},
  pages={1643--1649},
  year={2012},
  organization={IEEE}
}

@inproceedings{goodfellow2014generative,
  title={Generative adversarial nets},
  author={Goodfellow, Ian and Pouget-Abadie, Jean and Mirza, Mehdi and Xu, Bing and Warde-Farley, David and Ozair, Sherjil and Courville, Aaron and Bengio, Yoshua},
  booktitle={Advances in neural information processing systems},
  pages={2672--2680},
  year={2014}
}

@article{kim2017learning,
  title={Learning to discover cross-domain relations with generative adversarial networks},
  author={Kim, Taeksoo and Cha, Moonsu and Kim, Hyunsoo and Lee, Jungkwon and Kim, Jiwon},
  journal={arXiv preprint arXiv:1703.05192},
  year={2017}
}

@article{isola2016image,
  title={Image-to-image translation with conditional adversarial networks},
  author={Isola, Phillip and Zhu, Jun-Yan and Zhou, Tinghui and Efros, Alexei A},
  journal={arXiv preprint arXiv:1611.07004},
  year={2016}
}

@article{radford2015unsupervised,
  title={Unsupervised representation learning with deep convolutional generative adversarial networks},
  author={Radford, Alec and Metz, Luke and Chintala, Soumith},
  journal={arXiv preprint arXiv:1511.06434},
  year={2015}
}

@article{gongwasserstein,
  title={Wasserstein Generative Adversarial Network},
  author={Gong, Wenbo}
}

@article{huang2016stacked,
  title={Stacked generative adversarial networks},
  author={Huang, Xun and Li, Yixuan and Poursaeed, Omid and Hopcroft, John and Belongie, Serge},
  journal={arXiv preprint arXiv:1612.04357},
  year={2016}
}

@article{zhao2016energy,
  title={Energy-based generative adversarial network},
  author={Zhao, Junbo and Mathieu, Michael and LeCun, Yann},
  journal={arXiv preprint arXiv:1609.03126},
  year={2016}
}

@article{kim2017learning,
  title={Learning to discover cross-domain relations with generative adversarial networks},
  author={Kim, Taeksoo and Cha, Moonsu and Kim, Hyunsoo and Lee, Jungkwon and Kim, Jiwon},
  journal={arXiv preprint arXiv:1703.05192},
  year={2017}
}

@article{li2016deep,
  title={Deep Identity-aware Transfer of Facial Attributes},
  author={Li, Mu and Zuo, Wangmeng and Zhang, David},
  journal={arXiv preprint arXiv:1610.05586},
  year={2016}
}

@inproceedings{shen2017learning,
  title={Learning residual images for face attribute manipulation},
  author={Shen, Wei and Liu, Rujie},
  booktitle={2017 IEEE Conference on Computer Vision and Pattern Recognition (CVPR)},
  pages={1225--1233},
  year={2017},
  organization={IEEE}
}

@article{zhang2017age,
  title={Age Progression/Regression by Conditional Adversarial Autoencoder},
  author={Zhang, Zhifei and Song, Yang and Qi, Hairong},
  journal={arXiv preprint arXiv:1702.08423},
  year={2017}
}

@article{maddern20171,
  title={1 year, 1000 km: The Oxford RobotCar dataset},
  author={Maddern, Will and Pascoe, Geoffrey and Linegar, Chris and Newman, Paul},
  journal={The International Journal of Robotics Research},
  volume={36},
  number={1},
  pages={3--15},
  year={2017},
  publisher={SAGE Publications Sage UK: London, England}
}

@inproceedings{choi2011what,
   author = {Choi, Sunglok and Joung, Ji Hoon and Yu, Wonpil and Cho, Jae-Il},
   title = {What does ground tell us? monocular visual odometry under planar motion constraint},
   booktitle = {Control, Automation and Systems (ICCAS), 2011 11th International Conference on},
   publisher = {IEEE},
   pages = {1480-1485},
   ISBN = {1457708353},
   year={2011},
   type = {Conference Proceedings}
}
@inproceedings{forster2015imu,
     title={IMU preintegration on manifold for efficient visual-inertial maximum-a-posteriori estimation},
    author={Forster, Christian and Carlone, Luca and Dellaert, Frank and Scaramuzza, Davide},
    year={2015},
    organization={Georgia Institute of Technology}
}
@inproceedings{usenko2016direct,
      title={Direct visual-inertial odometry with stereo cameras},
        author={Usenko, Vladyslav and Engel, Jakob and St{\"u}ckler, J{\"o}rg and Cremers, Daniel},
          booktitle={Robotics and Automation (ICRA), 2016 IEEE International Conference on},
            pages={1885--1892},
              year={2016},
                organization={IEEE}
}

@article{zhang2015demo,
   author = {Zhang, Ji and Kaess, Michael and Singh, Sanjiv},
   title = {A real-time method for depth enhanced visual odometry},
   journal = {Autonomous Robots},
   pages = {1-13},
   ISSN = {0929-5593},
   year = {2015},
   type = {Journal Article}
}
@article{kalman1960filter,
        Author = {Kalman, Rudolph Emil},
            Title = {A New Approach to Linear Filtering and Prediction Problems},
                Journal = {Transactions of the ASME--Journal of Basic Engineering},
                    Volume = {82},
                        Number = {Series D},
                            Pages = {35--45},
                                Year = {1960}
}
@article{costante2016exploring,
      title={Exploring representation learning with cnns for frame-to-frame ego-motion estimation},
        author={Costante, Gabriele and Mancini, Michele and Valigi, Paolo and Ciarfuglia, Thomas A},
          journal={IEEE Robotics and Automation Letters},
            volume={1},
              number={1},
                pages={18--25},
                  year={2016},
                    publisher={IEEE}
}
@article{ciarfuglia2014evaluation,
      title={Evaluation of non-geometric methods for visual odometry},
        author={Ciarfuglia, Thomas A and Costante, Gabriele and Valigi, Paolo and Ricci, Elisa},
          journal={Robotics and Autonomous Systems},
            volume={62},
              number={12},
                pages={1717--1730},
                  year={2014},
                    publisher={Elsevier}
}
@inproceedings{eigen2014depth,
      title={Depth map prediction from a single image using a multi-scale deep network},
        author={Eigen, David and Puhrsch, Christian and Fergus, Rob},
          booktitle={Advances in neural information processing systems},
            pages={2366--2374},
              year={2014}
}
@article{liu2016learning,
      title={Learning depth from single monocular images using deep convolutional neural fields},
        author={Liu, Fayao and Shen, Chunhua and Lin, Guosheng and Reid, Ian},
          journal={IEEE transactions on pattern analysis and machine intelligence},
            volume={38},
              number={10},
                pages={2024--2039},
                  year={2016},
                    publisher={IEEE}
}
@inproceedings{shibata2015scale,
      title={Scale-reconstructable Structure from Motion using refraction with a single camera},
        author={Shibata, Akira and Fujii, Hiromitsu and Yamashita, Atsushi and Asama, Hajime},
          booktitle={Robotics and Automation (ICRA), 2015 IEEE International Conference on},
            pages={5239--5244},
              year={2015},
                organization={IEEE}
}
@inproceedings{zhang2015vlidar,
   author = {Zhang, Ji and Singh, Sanjiv},
   title = {Visual-lidar odometry and mapping: Low-drift, robust, and fast},
   booktitle = {2015 IEEE International Conference on Robotics and Automation (ICRA)},
   publisher = {IEEE},
   pages = {2174-2181},
   ISBN = {1050-4729},
   year={2015},
   type = {Conference Proceedings}
}
@article{scaramuzza2011vo,
   author = {Scaramuzza, D. and Fraundorfer, F.},
   title = {Visual Odometry: Part I - The First 30 Years and Fundamentals},
   journal = {IEEE Robotics and Automation Magazine},
   volume = {4},
   year = {2011},
   type = {Journal Article}
}
@article{cadena2016slam,
   author = {Cadena, Cesar and Carlone, Luca and Carrillo, Henry and Latif, Yasir and Scaramuzza, Davide and Neira, Jose and Reid, Ian D. and Leonard, John J.},
   title = {Simultaneous Localization And Mapping: Present, Future, and the Robust-Perception Age},
   journal = {CoRR},
   volume = {abs/1606.05830},
   url = {http://arxiv.org/abs/1606.05830},
   year = {2016},
   type = {Journal Article}
}
@misc{engel2016dso,
   author = {Engel, J. and Koltun, V. and Cremers, D.},
   title = {Direct Sparse Odometry},
   month = {July},
   keywords = {mono-ds,dso},
   year = {2016},
   type = {Conference Paper}
}

@article{raul2015orb,
   author = {Mur-Artal, Raul and Montiel, JMM and TardÃ³s, Juan D},
   title = {Orb-slam: a versatile and accurate monocular slam system},
   journal = {IEEE Transactions on Robotics},
   volume = {31},
   number = {5},
   pages = {1147-1163},
   ISSN = {1552-3098},
   year = {2015},
   type = {Journal Article}
}

@article{Mirza2014Conditional,
  title={Conditional Generative Adversarial Nets},
  author={Mirza, Mehdi and Osindero, Simon},
  journal={Computer Science},
  pages={2672-2680},
  year={2014},
}
@article{Goodfellow2014Generative,
  title={Generative Adversarial Networks},
  author={Goodfellow, Ian J. and Pougetabadie, Jean and Mirza, Mehdi and Xu, Bing and Wardefarley, David and Ozair, Sherjil and Courville, Aaron and Bengio, Yoshua},
  journal={Advances in Neural Information Processing Systems},
  volume={3},
  pages={2672-2680},
  year={2014},
}

@article{Arjovsky2017Wasserstein,
  title={Wasserstein GAN},
  author={Arjovsky, Martin and Chintala, Soumith and Bottou, LÃ©on},
  year={2017},
}
@article{Gulrajani2017Improved,
  title={Improved Training of Wasserstein GANs},
  author={Gulrajani, Ishaan and Ahmed, Faruk and Arjovsky, Martin and Dumoulin, Vincent and Courville, Aaron},
  year={2017},
}
@inproceedings{sturm2012benchmark,
      title={A benchmark for the evaluation of RGB-D SLAM systems},
        author={Sturm, J{\"u}rgen and Engelhard, Nikolas and Endres, Felix and Burgard, Wolfram and Cremers, Daniel},
          booktitle={Intelligent Robots and Systems (IROS), 2012 IEEE/RSJ International Conference on},
            pages={573--580},
              year={2012},
                organization={IEEE}
}

@article{nister2004efficient,
      title={An efficient solution to the five-point relative pose problem},
        author={Nist{\'e}r, David},
          journal={IEEE transactions on pattern analysis and machine intelligence},
            volume={26},
              number={6},
                pages={756--770},
                  year={2004},
                    publisher={IEEE}
}
@article{cadena2016simultaneous,
      title={Simultaneous localization and mapping: Present, future, and the robust-perception age},
        author={Cadena, Cesar and Carlone, Luca and Carrillo, Henry and Latif, Yasir and Scaramuzza, Davide and Neira, Jose and Reid, Ian D and Leonard, John J},
          journal={CoRR, vol. abs/1606.05830},
            year={2016}
}
@inproceedings{forster2014svo,
      title={SVO: Fast semi-direct monocular visual odometry},
        author={Forster, Christian and Pizzoli, Matia and Scaramuzza, Davide},
          booktitle={Robotics and Automation (ICRA), 2014 IEEE International Conference on},
            pages={15--22},
              year={2014},
                organization={IEEE}
}
@inproceedings{yang2016pop,
      title={Pop-up SLAM: Semantic monocular plane SLAM for low-texture environments},
        author={Yang, Shichao and Song, Yu and Kaess, Michael and Scherer, Sebastian},
          booktitle={Intelligent Robots and Systems (IROS), 2016 IEEE/RSJ International Conference on},
            pages={1222--1229},
              year={2016},
                organization={IEEE}
}

@INPROCEEDINGS{8460773, 
author={Z. {Alsayed} and G. {Bresson} and A. {Verroust-Blondet} and F. {Nashashibi}}, 
booktitle={2018 IEEE International Conference on Robotics and Automation (ICRA)}, 
title={2D SLAM Correction Prediction in Large Scale Urban Environments}, 
year={2018}, 
volume={}, 
number={}, 
pages={1-9}, 
keywords={image representation;mobile robots;multilayer perceptrons;pose estimation;robot vision;SLAM (robots);autonomous mobile robots;large scale urban environments;simultaneous location and mapping;hybrid correction module;likelihood distributions;2D likelihood SLAM approaches;successive estimated poses;Ensemble Multilayer Perceptron model;SLAM estimations;systematic errors;sensor measurement errors;SLAM map representation;observation model;motion model;probabilistic formulation;Simultaneous localization and mapping;Two dimensional displays;Estimation;Neural networks;Predictive models;Kalman filters}, 
doi={10.1109/ICRA.2018.8460773}, 
ISSN={}, 
month={May},}
@inproceedings{valada2018deep,
  title={Deep auxiliary learning for visual localization and odometry},
  author={Valada, Abhinav and Radwan, Noha and Burgard, Wolfram},
  booktitle={2018 IEEE International Conference on Robotics and Automation (ICRA)},
  pages={6939--6946},
  year={2018},
  organization={IEEE}
}
@article{clement2018train,
  title={How to train a cat: learning canonical appearance transformations for direct visual localization under illumination change},
  author={Clement, Lee and Kelly, Jonathan},
  journal={IEEE Robotics and Automation Letters},
  volume={3},
  number={3},
  pages={2447--2454},
  year={2018},
  publisher={IEEE}
}
@ARTICLE{8260906, 
author={J. {Tang} and J. {Folkesson} and P. {Jensfelt}}, 
journal={IEEE Robotics and Automation Letters}, 
title={Geometric Correspondence Network for Camera Motion Estimation}, 
year={2018}, 
volume={3}, 
number={2}, 
pages={1010-1017}, 
keywords={cameras;feature extraction;image matching;learning (artificial intelligence);mobile robots;motion estimation;neural nets;pose estimation;recurrent neural nets;robot vision;SLAM (robots);geometric correspondence network;camera motion estimation;convolutional neural network;CNN;recurrent neural network;unified structure;warping points;source frame;reference frame;visual odometry method;deep learning;keypoints location;hand crafted method;naive SLAM implementation;ORB-SLAM;Cameras;Motion estimation;Feature extraction;Simultaneous localization and mapping;Machine learning;Visual-based navigation;SLAM;deep learning in robotics and automation}, 
doi={10.1109/LRA.2018.2794624}, 
ISSN={}, 
month={April},}
@inproceedings{klodt2018supervising,
  title={Supervising the new with the old: learning SFM from SFM},
  author={Klodt, Maria and Vedaldi, Andrea},
  booktitle={Proceedings of the European Conference on Computer Vision (ECCV)},
  pages={698--713},
  year={2018}
}
@inproceedings{almalioglu2019ganvo,
  title={GANVO: Unsupervised deep monocular visual odometry and depth estimation with generative adversarial networks},
  author={Almalioglu, Yasin and Saputra, Muhamad Risqi U and de Gusmao, Pedro PB and Markham, Andrew and Trigoni, Niki},
  booktitle={2019 International Conference on Robotics and Automation (ICRA)},
  pages={5474--5480},
  year={2019},
  organization={IEEE}
}
@inproceedings{ono2018lf,
  title={LF-Net: learning local features from images},
  author={Ono, Yuki and Trulls, Eduard and Fua, Pascal and Yi, Kwang Moo},
  booktitle={Advances in Neural Information Processing Systems},
  pages={6234--6244},
  year={2018}
}
@article{yin2019unsupervised,
  title={Unsupervised Learning of Depth and Deep Representation for Visual Odometry from Monocular Videos in a Metric Space},
  author={Yin, Xiaochuan and Liu, Chengju},
  journal={arXiv preprint arXiv:1908.01367},
  year={2019}
}
@inproceedings{detone2018superpoint,
  title={Superpoint: Self-supervised interest point detection and description},
  author={DeTone, Daniel and Malisiewicz, Tomasz and Rabinovich, Andrew},
  booktitle={Proceedings of the IEEE Conference on Computer Vision and Pattern Recognition Workshops},
  pages={224--236},
  year={2018}
}
@inproceedings{wu2018group,
  title={Group normalization},
  author={Wu, Yuxin and He, Kaiming},
  booktitle={Proceedings of the European Conference on Computer Vision (ECCV)},
  pages={3--19},
  year={2018}
}
@article{RobotCarDatasetIJRR, 
  Author = {Will Maddern and Geoff Pascoe and Chris Linegar and Paul Newman}, 
  Title = {{1 Year, 1000km: The Oxford RobotCar Dataset}}, 
  Journal = {The International Journal of Robotics Research (IJRR)}, 
  Volume = {36}, 
  Number = {1}, 
  Pages = {3-15}, 
  Year = {2017}, 
  doi = {10.1177/0278364916679498}, 
  URL = 
{http://dx.doi.org/10.1177/0278364916679498}, 
  eprint = 
{http://ijr.sagepub.com/content/early/2016/11/28/0278364916679498.full.pdf+html}, 
  Pdf = {https://RobotCar-dataset.robots.ox.ac.uk/images/RobotCar_ijrr.pdf}}
@inproceedings{peris2012towards,
    title={Towards a simulation driven stereo vision system},
    author={Peris, Martin and Martull, Sara and Maki, Atsuto and Ohkawa, Yasuhiro and Fukui, Kazuhiro},
    booktitle={Pattern Recognition (ICPR), 2012 21st International Conference on},
    pages={1038--1042},
    year={2012},
    organization={IEEE}
}
@inproceedings{gaidon2016virtual,
    title={Virtual worlds as proxy for multi-object tracking analysis},
    author={Gaidon, Adrien and Wang, Qiao and Cabon, Yohann and Vig, Eleonora},
    booktitle={Proceedings of the IEEE conference on computer vision and pattern recognition},
    pages={4340--4349},
    year={2016}
}

@inproceedings{redmon2016you,
      title={You only look once: Unified, real-time object detection},
        author={Redmon, Joseph and Divvala, Santosh and Girshick, Ross and Farhadi, Ali},
          booktitle={Proceedings of the IEEE conference on computer vision and pattern recognition},
            pages={779--788},
              year={2016}
}
@InProceedings{nister2004visual,
  title =        "Visual odometry",
  author =       "David Nist{\'e}r and Oleg Naroditsky and James
                 Bergen",
  booktitle =    "Computer Vision and Pattern Recognition, 2004. CVPR
                 2004. Proceedings of the 2004 IEEE Computer Society
                 Conference on",
  volume =       "1",
  year =         "2004",
  organization = "Ieee",
}
@article{costante2018ls,
  title={LS-VO: Learning dense optical subspace for robust visual odometry estimation},
  author={Costante, Gabriele and Ciarfuglia, Thomas Alessandro},
  journal={IEEE Robotics and Automation Letters},
  volume={3},
  number={3},
  pages={1735--1742},
  year={2018},
  publisher={IEEE}
}
@article{wang2018end,
  title={End-to-end, sequence-to-sequence probabilistic visual odometry through deep neural networks},
  author={Wang, Sen and Clark, Ronald and Wen, Hongkai and Trigoni, Niki},
  journal={The International Journal of Robotics Research},
  volume={37},
  number={4-5},
  pages={513--542},
  year={2018},
  publisher={SAGE Publications Sage UK: London, England}
}
@InProceedings{geiger2012kitti,
  author =       "Andreas Geiger and Philip Lenz and Raquel Urtasun",
  title =        "Are we ready for autonomous driving? the kitti vision
                 benchmark suite",
  booktitle =    "Computer Vision and Pattern Recognition (CVPR), 2012
                 IEEE Conference on",
  publisher =    "IEEE",
  pages =        "3354--3361",
  ISBN =         "1-4673-1226-6",
  type =         "Conference Proceedings",
  year = "2012"
}

@Article{kitt2011mono,
  author =       "Bernd Manfred Kitt and JÃ¶rn Rehder and Andrew D
                 Chambers and Miriam Schonbein and Henning Lategahn and
                 Sanjiv Singh",
  title =        "Monocular visual odometry using a planar road model to
                 solve scale ambiguity",
  year =         "2011",
  type =         "Journal Article",
}

@InProceedings{choi2011what,
  author =       "Sunglok Choi and Ji Hoon Joung and Wonpil Yu and
                 Jae-Il Cho",
  title =        "What does ground tell us? monocular visual odometry
                 under planar motion constraint",
  booktitle =    "Control, Automation and Systems (ICCAS), 2011 11th
                 International Conference on",
  publisher =    "IEEE",
  pages =        "1480--1485",
  ISBN =         "1-4577-0835-3",
  year =         "2011",
  type =         "Conference Proceedings",
}

@InProceedings{forster2015imu,
  title =        "{IMU} preintegration on manifold for efficient
                 visual-inertial maximum-a-posteriori estimation",
  author =       "Christian Forster and Luca Carlone and Frank Dellaert
                 and Davide Scaramuzza",
  year =         "2015",
  organization = "Georgia Institute of Technology",
}

@InProceedings{usenko2016direct,
  title =        "Direct visual-inertial odometry with stereo cameras",
  author =       "Vladyslav Usenko and Jakob Engel and J{\"o}rg
                 St{\"u}ckler and Daniel Cremers",
  booktitle =    "Robotics and Automation (ICRA), 2016 IEEE
                 International Conference on",
  pages =        "1885--1892",
  year =         "2016",
  organization = "IEEE",
}

@Article{zhang2015demo,
  author =       "Ji Zhang and Michael Kaess and Sanjiv Singh",
  title =        "A real-time method for depth enhanced visual
                 odometry",
  journal =      "Autonomous Robots",
  pages =        "1--13",
  ISSN =         "0929-5593",
  year =         "2015",
  type =         "Journal Article",
}

@Article{kalman1960filter,
  author =       "Rudolph Emil Kalman",
  title =        "A New Approach to Linear Filtering and Prediction
                 Problems",
  journal =      "Transactions of the ASME--Journal of Basic
                 Engineering",
  volume =       "82",
  number =       "Series D",
  pages =        "35--45",
  year =         "1960",
}

@Article{costante2016exploring,
  title =        "Exploring representation learning with cnns for
                 frame-to-frame ego-motion estimation",
  author =       "Gabriele Costante and Michele Mancini and Paolo Valigi
                 and Thomas A Ciarfuglia",
  journal =      "IEEE Robotics and Automation Letters",
  volume =       "1",
  number =       "1",
  pages =        "18--25",
  year =         "2016",
  publisher =    "IEEE",
}

@Article{ciarfuglia2014evaluation,
  title =        "Evaluation of non-geometric methods for visual
                 odometry",
  author =       "Thomas A Ciarfuglia and Gabriele Costante and Paolo
                 Valigi and Elisa Ricci",
  journal =      "Robotics and Autonomous Systems",
  volume =       "62",
  number =       "12",
  pages =        "1717--1730",
  year =         "2014",
  publisher =    "Elsevier",
}

@InProceedings{eigen2014depth,
  title =        "Depth map prediction from a single image using a
                 multi-scale deep network",
  author =       "David Eigen and Christian Puhrsch and Rob Fergus",
  booktitle =    "Advances in neural information processing systems",
  pages =        "2366--2374",
  year =         "2014",
}
z z
@Article{liu2016learning,
  title =        "Learning depth from single monocular images using deep
                 convolutional neural fields",
  author =       "Fayao Liu and Chunhua Shen and Guosheng Lin and Ian
                 Reid",
  journal =      "IEEE transactions on pattern analysis and machine
                 intelligence",
  volume =       "38",
  number =       "10",
  pages =        "2024--2039",
  year =         "2016",
  publisher =    "IEEE",
}

@InProceedings{shibata2015scale,
  title =        "Scale-reconstructable Structure from Motion using
                 refraction with a single camera",
  author =       "Akira Shibata and Hiromitsu Fujii and Atsushi
                 Yamashita and Hajime Asama",
  booktitle =    "Robotics and Automation (ICRA), 2015 IEEE
                 International Conference on",
  pages =        "5239--5244",
  year =         "2015",
  organization = "IEEE",
}

@InProceedings{zhang2015vlidar,
  author =       "Ji Zhang and Sanjiv Singh",
  title =        "Visual-lidar odometry and mapping: Low-drift, robust,
                 and fast",
  booktitle =    "2015 IEEE International Conference on Robotics and
                 Automation (ICRA)",
  publisher =    "IEEE",
  pages =        "2174--2181",
  year =         "2015",
  type =         "Conference Proceedings",
}

@Article{scaramuzza2011vo,
  author =       "D. Scaramuzza and F. Fraundorfer",
  title =        "Visual Odometry: Part {I} - The First 30 Years and
                 Fundamentals",
  journal =      "IEEE Robotics and Automation Magazine",
  volume =       "4",
  year =         "2011",
  type =         "Journal Article",
}

@Article{cadena2016slam,
  author =       "Cesar Cadena and Luca Carlone and Henry Carrillo and
                 Yasir Latif and Davide Scaramuzza and Jose Neira and
                 Ian D. Reid and John J. Leonard",
  title =        "Simultaneous Localization And Mapping: Present,
                 Future, and the Robust-Perception Age",
  journal =      "CoRR {abs/1606.05830}",
  URL =       "http://arxiv.org/abs/1606.05830",
  year =         "2016",
  type =         "Journal Article",
}


@Article{raul2015orb,
  author =       "Raul Mur-Artal and JMM Montiel and Juan D TardÃ³s",
  title =        "Orb-slam: a versatile and accurate monocular slam
                 system",
  journal =      "IEEE Transactions on Robotics",
  volume =       "31",
  number =       "5",
  pages =        "1147--1163",
  ISSN =         "1552-3098",
  year =         "2015",
  type =         "Journal Article",
}
@INPROCEEDINGS{Geiger2011IV,
    author = {Andreas Geiger and Julius Ziegler and Christoph Stiller},
    title = {StereoScan: Dense 3D Reconstruction in Real-time},
    booktitle = {Intelligent Vehicles Symposium (IV)},
    year = {2011}
} 
@Article{Song2015MoncularScale,
  author =       "Shiyu Song and Manmohan Chandraker and Clark Guest",
  title =        "High Accuracy Monocular {SFM} and Scale Correction for
                 Autonomous Driving",
  journal =      "IEEE Transactions on Pattern Analysis \& Machine
                 Intelligence",
  pages =        "1--1",
  year =         "2015",
  type =         "Journal Article",
}

@Misc{Lee2015MoncularScale,
  author =       "B. Lee and K. Daniilidis and D. D. Lee",
  title =        "Online self-supervised monocular visual odometry for
                 ground vehicles",
  pages =        "5232--5238",
  year =         "2015",
  type =         "Conference Paper",
}

@InProceedings{zhou2016reliable,
  author =       "Dingfu Zhou and Yuchao Dai and Hongdong Li",
  title =        "Reliable scale estimation and correction for monocular
                 Visual Odometry",
  booktitle =    "Intelligent Vehicles Symposium (IV), 2016 IEEE",
  publisher =    "IEEE",
  pages =        "490--495",
  ISBN =         "1-5090-1821-2",
  year =         "2016",
  type =         "Conference Proceedings",
}

@Article{hoiem2007recovering,
  title =        "Recovering surface layout from an image",
  author =       "Derek Hoiem and Alexei A Efros and Martial Hebert",
  journal =      "International Journal of Computer Vision",
  volume =       "75",
  number =       "1",
  pages =        "151",
  year =         "2007",
  publisher =    "Springer",
}

@Article{Mirza2014Conditional,
  title =        "Conditional Generative Adversarial Nets",
  author =       "Mehdi Mirza and Simon Osindero",
  journal =      "Computer Science",
  pages =        "2672--2680",
  year =         "2014",
}

@Article{Goodfellow2014Generative,
  title =        "Generative Adversarial Networks",
  author =       "Ian J. Goodfellow and Jean Pougetabadie and Mehdi
                 Mirza and Bing Xu and David Wardefarley and Sherjil
                 Ozair and Aaron Courville and Yoshua Bengio",
  journal =      "Advances in Neural Information Processing Systems",
  volume =       "3",
  pages =        "2672--2680",
  year =         "2014",
}

@Article{Arjovsky2017Wasserstein,
  title =        "Wasserstein {GAN}",
  author =       "Martin Arjovsky and Soumith Chintala and LÃ©on
                 Bottou",
  year =         "2017",
}

@Article{Gulrajani2017Improved,
  title =        "Improved Training of Wasserstein {GAN}s",
  author =       "Ishaan Gulrajani and Faruk Ahmed and Martin Arjovsky
                 and Vincent Dumoulin and Aaron Courville",
  year =         "2017",
}

@InProceedings{sturm2012benchmark,
  title =        "A benchmark for the evaluation of {RGB}-{D} {SLAM}
                 systems",
  author =       "J{\"u}rgen Sturm and Nikolas Engelhard and Felix
                 Endres and Wolfram Burgard and Daniel Cremers",
  booktitle =    "Intelligent Robots and Systems (IROS), 2012 IEEE/RSJ
                 International Conference on",
  pages =        "573--580",
  year =         "2012",
  organization = "IEEE",
}


@Article{nister2004efficient,
  title =        "An efficient solution to the five-point relative pose
                 problem",
  author =       "David Nist{\'e}r",
  journal =      "IEEE transactions on pattern analysis and machine
                 intelligence",
  volume =       "26",
  number =       "6",
  pages =        "756--770",
  year =         "2004",
  publisher =    "IEEE",
}

@Article{cadena2016simultaneous,
  title =        "Simultaneous localization and mapping: Present,
                 future, and the robust-perception age",
  author =       "Cesar Cadena and Luca Carlone and Henry Carrillo and
                 Yasir Latif and Davide Scaramuzza and Jose Neira and
                 Ian D Reid and John J Leonard",
  journal =      "CoRR, vol. abs/1606.05830",
  year =         "2016",
}

@InProceedings{forster2014svo,
  title =        "{SVO}: Fast semi-direct monocular visual odometry",
  author =       "Christian Forster and Matia Pizzoli and Davide
                 Scaramuzza",
  booktitle =    "Robotics and Automation (ICRA), 2014 IEEE
                 International Conference on",
  pages =        "15--22",
  year =         "2014",
  organization = "IEEE",
}

@InProceedings{yang2016pop,
  title =        "Pop-up {SLAM}: Semantic monocular plane {SLAM} for
                 low-texture environments",
  author =       "Shichao Yang and Yu Song and Michael Kaess and
                 Sebastian Scherer",
  booktitle =    "Intelligent Robots and Systems (IROS), 2016 IEEE/RSJ
                 International Conference on",
  pages =        "1222--1229",
  year =         "2016",
  organization = "IEEE",
}

@InProceedings{wang2017deepvo,
  title =        "Deepvo: Towards end-to-end visual odometry with deep
                 recurrent convolutional neural networks",
  author =       "Sen Wang and Ronald Clark and Hongkai Wen and Niki
                 Trigoni",
  booktitle =    "Robotics and Automation (ICRA), 2017 IEEE
                 International Conference on",
  pages =        "2043--2050",
  year =         "2017",
  organization = "IEEE",
}

@InProceedings{guizilini2012semi,
  title =        "Semi-parametric models for visual odometry",
  author =       "Vitor Guizilini and Fabio Ramos",
  booktitle =    "Robotics and Automation (ICRA), 2012 IEEE
                 International Conference on",
  pages =        "3482--3489",
  year =         "2012",
  organization = "IEEE",
}

@InProceedings{roberts2008memory,
  title =        "Memory-based learning for visual odometry",
  author =       "Richard Roberts and Hai Nguyen and Niyant
                 Krishnamurthi and Tucker Balch",
  booktitle =    "Robotics and Automation, 2008. ICRA 2008. IEEE
                 International Conference on",
  pages =        "47--52",
  year =         "2008",
  organization = "IEEE",
}

@InProceedings{zhou2017unsupervised,
  title =        "Unsupervised learning of depth and ego-motion from
                 video",
  author =       "Tinghui Zhou and Matthew Brown and Noah Snavely and
                 David G Lowe",
  booktitle =    "CVPR",
  volume =       "2",
  number =       "6",
  pages =        "7",
  year =         "2017",
}

@InProceedings{mahjourian2018unsupervised,
  title =        "Unsupervised Learning of Depth and Ego-Motion from
                 Monocular Video Using 3{D} Geometric Constraints",
  author =       "Reza Mahjourian and Martin Wicke and Anelia Angelova",
  booktitle =    "Proceedings of the IEEE Conference on Computer Vision
                 and Pattern Recognition",
  pages =        "5667--5675",
  year =         "2018",
}

@InProceedings{yin2018geonet,
  title =        "GeoNet: Unsupervised Learning of Dense Depth, Optical
                 Flow and Camera Pose",
  author =       "Zhichao Yin and Jianping Shi",
  booktitle =    "Proceedings of the IEEE Conference on Computer Vision
                 and Pattern Recognition (CVPR)",
  volume =       "2",
  year =         "2018",
}

@InProceedings{zhan2018unsupervised,
  title =        "Unsupervised Learning of Monocular Depth Estimation
                 and Visual Odometry with Deep Feature Reconstruction",
  author =       "Huangying Zhan and Ravi Garg and Chamara Saroj
                 Weerasekera and Kejie Li and Harsh Agarwal and Ian
                 Reid",
  booktitle =    "Proceedings of the IEEE Conference on Computer Vision
                 and Pattern Recognition",
  pages =        "340--349",
  year =         "2018",
}

@Article{vijayanarasimhan2017sfm,
  title =        "Sfm-net: Learning of structure and motion from video",
  author =       "Sudheendra Vijayanarasimhan and Susanna Ricco and
                 Cordelia Schmid and Rahul Sukthankar and Katerina
                 Fragkiadaki",
  journal =      "arXiv preprint arXiv:1704.07804",
  year =         "2017",
}

@Article{fraundorfer2011visual,
  title =        "Visual odometry: Part i: The first 30 years and
                 fundamentals",
  author =       "Friedrich Fraundorfer and Davide Scaramuzza",
  journal =      "IEEE Robotics and Automation Magazine",
  volume =       "18",
  number =       "4",
  pages =        "80--92",
  year =         "2011",
}

@InProceedings{paszke2017automatic,
  title =        "Automatic differentiation in PyTorch",
  author =       "Adam Paszke and Sam Gross and Soumith Chintala and
                 Gregory Chanan and Edward Yang and Zachary DeVito and
                 Zeming Lin and Alban Desmaison and Luca Antiga and Adam
                 Lerer",
  booktitle =    "NIPS-W",
  year =         "2017",
}

@InProceedings{kinga2015method,
  title =        "A method for stochastic optimization",
  author =       "D Kinga and J Ba Adam",
  booktitle =    "International Conference on Learning Representations
                 (ICLR)",
  volume =       "5",
  year =         "2015",
}

@Article{pillai2017towards,
  title =        "Towards visual ego-motion learning in robots",
  author =       "Sudeep Pillai and John J Leonard",
  journal =      "arXiv preprint arXiv:1705.10279",
  year =         "2017",
}
@article{teichmann2016multinet,
    title={MultiNet: Real-time Joint Semantic Reasoning for Autonomous Driving},
    author={Teichmann, Marvin and Weber, Michael and Zoellner, Marius and Cipolla, Roberto and Urtasun, Raquel},
    journal={arXiv preprint arXiv:1612.07695},
    year={2016}
}
@inproceedings{kummerle2011g,
    title={g 2 o: A general framework for graph optimization},
    author={K{\"u}mmerle, Rainer and Grisetti, Giorgio and Strasdat, Hauke and Konolige, Kurt and Burgard, Wolfram},
    booktitle={Robotics and Automation (ICRA), 2011 IEEE International Conference on},
    pages={3607--3613},
    year={2011},
    organization={IEEE}
}
@inproceedings{krizhevsky2012imagenet,
    title={Imagenet classification with deep convolutional neural networks},
    author={Krizhevsky, Alex and Sutskever, Ilya and Hinton, Geoffrey E},
    booktitle={Advances in neural information processing systems},
    pages={1097--1105},
    year={2012}
}
@book{onishchik1993lie,
    title={Lie groups and Lie algebras},
    author={Onishchik, Arkadi{\u\i} L and Vinberg, EB and Minachin, V},
    year={1993},
    publisher={Springer}
}
@string{pami="IEEE Transactions on Pattern Analysis and Machine Intelligence"}
@Article{Engel-et-al-pami2018,
      author = "J. Engel and V. Koltun and D. Cremers",
        title = " Direct Sparse Odometry",
          journal = pami,
            year = "2018",
              month = mar,
                titleurl = {engel_et_al_pami2018.pdf},
                  keywords={mono-ds,dso,directsparseodometry}
}
@inproceedings{iyer2018geometric,
      title={Geometric Consistency for Self-Supervised End-to-End Visual Odometry},
        author={Iyer, Ganesh and Krishna Murthy, J and Gupta, Gunshi and Krishna, Madhava and Paull, Liam},
          booktitle={Proceedings of the IEEE Conference on Computer Vision and Pattern Recognition Workshops},
            pages={267--275},
              year={2018}
}
@inproceedings{parisotto2018global,
      title={Global pose estimation with an attention-based recurrent network},
        author={Parisotto, Emilio and Singh Chaplot, Devendra and Zhang, Jian and Salakhutdinov, Ruslan},
          booktitle={Proceedings of the IEEE Conference on Computer Vision and Pattern Recognition Workshops},
            pages={237--246},
              year={2018}
}
@article{peretroukhin2018dpc,
      title={Dpc-net: Deep pose correction for visual localization},
        author={Peretroukhin, Valentin and Kelly, Jonathan},
          journal={IEEE Robotics and Automation Letters},
            volume={3},
              number={3},
                pages={2424--2431},
                  year={2018},
                    publisher={IEEE}
}
@inproceedings{li2018undeepvo,
      title={Undeepvo: Monocular visual odometry through unsupervised deep learning},
        author={Li, Ruihao and Wang, Sen and Long, Zhiqiang and Gu, Dongbing},
          booktitle={2018 IEEE International Conference on Robotics and Automation (ICRA)},
            pages={7286--7291},
              year={2018},
                organization={IEEE}
}
@InProceedings{nister2004visual,
  title =        "Visual odometry",
  author =       "David Nist{\'e}r and Oleg Naroditsky and James
                 Bergen",
  booktitle =    "Computer Vision and Pattern Recognition, 2004. CVPR
                 2004. Proceedings of the 2004 IEEE Computer Society
                 Conference on",
  volume =       "1",
  year =         "2004",
  organization = "Ieee",
}
@article{costante2018ls,
  title={LS-VO: Learning dense optical subspace for robust visual odometry estimation},
  author={Costante, Gabriele and Ciarfuglia, Thomas Alessandro},
  journal={IEEE Robotics and Automation Letters},
  volume={3},
  number={3},
  pages={1735--1742},
  year={2018},
  publisher={IEEE}
}
@article{wang2018end,
  title={End-to-end, sequence-to-sequence probabilistic visual odometry through deep neural networks},
  author={Wang, Sen and Clark, Ronald and Wen, Hongkai and Trigoni, Niki},
  journal={The International Journal of Robotics Research},
  volume={37},
  number={4-5},
  pages={513--542},
  year={2018},
  publisher={SAGE Publications Sage UK: London, England}
}

@Article{kitt2011mono,
  author =       "Bernd Manfred Kitt and JÃ¶rn Rehder and Andrew D
                 Chambers and Miriam Schonbein and Henning Lategahn and
                 Sanjiv Singh",
  title =        "Monocular visual odometry using a planar road model to
                 solve scale ambiguity",
  year =         "2011",
  type =         "Journal Article",
}


@InProceedings{forster2015imu,
  title =        "{IMU} preintegration on manifold for efficient
                 visual-inertial maximum-a-posteriori estimation",
  author =       "Christian Forster and Luca Carlone and Frank Dellaert
                 and Davide Scaramuzza",
  year =         "2015",
  organization = "Georgia Institute of Technology",
}

@InProceedings{usenko2016direct,
  title =        "Direct visual-inertial odometry with stereo cameras",
  author =       "Vladyslav Usenko and Jakob Engel and J{\"o}rg
                 St{\"u}ckler and Daniel Cremers",
  booktitle =    "Robotics and Automation (ICRA), 2016 IEEE
                 International Conference on",
  pages =        "1885--1892",
  year =         "2016",
  organization = "IEEE",
}


@Article{lepetit2009epnp,
  title =        "Epnp: An accurate o (n) solution to the pnp problem",
  author =       "Vincent Lepetit and Francesc Moreno-Noguer and Pascal
                 Fua",
  journal =      "International journal of computer vision",
  volume =       "81",
  number =       "2",
  pages =        "155",
  year =         "2009",
  publisher =    "Springer",
}

@Article{zhang2015demo,
  author =       "Ji Zhang and Michael Kaess and Sanjiv Singh",
  title =        "A real-time method for depth enhanced visual
                 odometry",
  journal =      "Autonomous Robots",
  pages =        "1--13",
  ISSN =         "0929-5593",
  year =         "2015",
  type =         "Journal Article",
}

@Article{kalman1960filter,
  author =       "Rudolph Emil Kalman",
  title =        "A New Approach to Linear Filtering and Prediction
                 Problems",
  journal =      "Transactions of the ASME--Journal of Basic
                 Engineering",
  volume =       "82",
  number =       "Series D",
  pages =        "35--45",
  year =         "1960",
}

@Article{costante2016exploring,
  title =        "Exploring representation learning with cnns for
                 frame-to-frame ego-motion estimation",
  author =       "Gabriele Costante and Michele Mancini and Paolo Valigi
                 and Thomas A Ciarfuglia",
  journal =      "IEEE Robotics and Automation Letters",
  volume =       "1",
  number =       "1",
  pages =        "18--25",
  year =         "2016",
  publisher =    "IEEE",
}

@Article{ciarfuglia2014evaluation,
  title =        "Evaluation of non-geometric methods for visual
                 odometry",
  author =       "Thomas A Ciarfuglia and Gabriele Costante and Paolo
                 Valigi and Elisa Ricci",
  journal =      "Robotics and Autonomous Systems",
  volume =       "62",
  number =       "12",
  pages =        "1717--1730",
  year =         "2014",
  publisher =    "Elsevier",
}

@InProceedings{eigen2014depth,
  title =        "Depth map prediction from a single image using a
                 multi-scale deep network",
  author =       "David Eigen and Christian Puhrsch and Rob Fergus",
  booktitle =    "Advances in neural information processing systems",
  pages =        "2366--2374",
  year =         "2014",
}

@Article{liu2016learning,
  title =        "Learning depth from single monocular images using deep
                 convolutional neural fields",
  author =       "Fayao Liu and Chunhua Shen and Guosheng Lin and Ian
                 Reid",
  journal =      "IEEE transactions on pattern analysis and machine
                 intelligence",
  volume =       "38",
  number =       "10",
  pages =        "2024--2039",
  year =         "2016",
  publisher =    "IEEE",
}

@InProceedings{shibata2015scale,
  title =        "Scale-reconstructable Structure from Motion using
                 refraction with a single camera",
  author =       "Akira Shibata and Hiromitsu Fujii and Atsushi
                 Yamashita and Hajime Asama",
  booktitle =    "Robotics and Automation (ICRA), 2015 IEEE
                 International Conference on",
  pages =        "5239--5244",
  year =         "2015",
  organization = "IEEE",
}

@InProceedings{zhang2015vlidar,
  author =       "Ji Zhang and Sanjiv Singh",
  title =        "Visual-lidar odometry and mapping: Low-drift, robust,
                 and fast",
  booktitle =    "2015 IEEE International Conference on Robotics and
                 Automation (ICRA)",
  publisher =    "IEEE",
  pages =        "2174--2181",
  year =         "2015",
  type =         "Conference Proceedings",
}

@Article{scaramuzza2011vo,
  author =       "D. Scaramuzza and F. Fraundorfer",
  title =        "Visual Odometry: Part {I} - The First 30 Years and
                 Fundamentals",
  journal =      "IEEE Robotics and Automation Magazine",
  volume =       "4",
  year =         "2011",
  type =         "Journal Article",
}

@Article{cadena2016slam,
  author =       "Cesar Cadena and Luca Carlone and Henry Carrillo and
                 Yasir Latif and Davide Scaramuzza and Jose Neira and
                 Ian D. Reid and John J. Leonard",
  title =        "Simultaneous Localization And Mapping: Present,
                 Future, and the Robust-Perception Age",
  journal =      "CoRR {abs/1606.05830}",
  URL =       "http://arxiv.org/abs/1606.05830",
  year =         "2016",
  type =         "Journal Article",
}

@Article{raul2015orb,
  author =       "Raul Mur-Artal and JMM Montiel and Juan D TardÃ³s",
  title =        "Orb-slam: a versatile and accurate monocular slam
                 system",
  journal =      "IEEE Transactions on Robotics",
  volume =       "31",
  number =       "5",
  pages =        "1147--1163",
  ISSN =         "1552-3098",
  year =         "2015",
  type =         "Journal Article",
}
@INPROCEEDINGS{Geiger2011IV,
    author = {Andreas Geiger and Julius Ziegler and Christoph Stiller},
    title = {StereoScan: Dense 3D Reconstruction in Real-time},
    booktitle = {Intelligent Vehicles Symposium (IV)},
    year = {2011}
} 


@Misc{Lee2015MoncularScale,
  author =       "B. Lee and K. Daniilidis and D. D. Lee",
  title =        "Online self-supervised monocular visual odometry for
                 ground vehicles",
  pages =        "5232--5238",
  year =         "2015",
  type =         "Conference Paper",
}

@Article{Mirza2014Conditional,
  title =        "Conditional Generative Adversarial Nets",
  author =       "Mehdi Mirza and Simon Osindero",
  journal =      "Computer Science",
  pages =        "2672--2680",
  year =         "2014",
}

@Article{Goodfellow2014Generative,
  title =        "Generative Adversarial Networks",
  author =       "Ian J. Goodfellow and Jean Pougetabadie and Mehdi
                 Mirza and Bing Xu and David Wardefarley and Sherjil
                 Ozair and Aaron Courville and Yoshua Bengio",
  journal =      "Advances in Neural Information Processing Systems",
  volume =       "3",
  pages =        "2672--2680",
  year =         "2014",
}

@Article{Arjovsky2017Wasserstein,
  title =        "Wasserstein {GAN}",
  author =       "Martin Arjovsky and Soumith Chintala and LÃ©on
                 Bottou",
  year =         "2017",
}

@Article{Gulrajani2017Improved,
  title =        "Improved Training of Wasserstein {GAN}s",
  author =       "Ishaan Gulrajani and Faruk Ahmed and Martin Arjovsky
                 and Vincent Dumoulin and Aaron Courville",
  year =         "2017",
}

@InProceedings{sturm2012benchmark,
  title =        "A benchmark for the evaluation of {RGB}-{D} {SLAM}
                 systems",
  author =       "J{\"u}rgen Sturm and Nikolas Engelhard and Felix
                 Endres and Wolfram Burgard and Daniel Cremers",
  booktitle =    "Intelligent Robots and Systems (IROS), 2012 IEEE/RSJ
                 International Conference on",
  pages =        "573--580",
  year =         "2012",
  organization = "IEEE",
}


@Article{nister2004efficient,
  title =        "An efficient solution to the five-point relative pose
                 problem",
  author =       "David Nist{\'e}r",
  journal =      "IEEE transactions on pattern analysis and machine
                 intelligence",
  volume =       "26",
  number =       "6",
  pages =        "756--770",
  year =         "2004",
  publisher =    "IEEE",
}

@Article{cadena2016simultaneous,
  title =        "Simultaneous localization and mapping: Present,
                 future, and the robust-perception age",
  author =       "Cesar Cadena and Luca Carlone and Henry Carrillo and
                 Yasir Latif and Davide Scaramuzza and Jose Neira and
                 Ian D Reid and John J Leonard",
  journal =      "CoRR, vol. abs/1606.05830",
  year =         "2016",
}

@InProceedings{forster2014svo,
  title =        "{SVO}: Fast semi-direct monocular visual odometry",
  author =       "Christian Forster and Matia Pizzoli and Davide
                 Scaramuzza",
  booktitle =    "Robotics and Automation (ICRA), 2014 IEEE
                 International Conference on",
  pages =        "15--22",
  year =         "2014",
  organization = "IEEE",
}

@InProceedings{yang2016pop,
  title =        "Pop-up {SLAM}: Semantic monocular plane {SLAM} for
                 low-texture environments",
  author =       "Shichao Yang and Yu Song and Michael Kaess and
                 Sebastian Scherer",
  booktitle =    "Intelligent Robots and Systems (IROS), 2016 IEEE/RSJ
                 International Conference on",
  pages =        "1222--1229",
  year =         "2016",
  organization = "IEEE",
}

@Article{fischler1981random,
  title =        "Random sample consensus: a paradigm for model fitting
                 with applications to image analysis and automated
                 cartography",
  author =       "Martin A Fischler and Robert C Bolles",
  journal =      "Communications of the ACM",
  volume =       "24",
  number =       "6",
  pages =        "381--395",
  year =         "1981",
  publisher =    "ACM",
}


@InProceedings{guizilini2012semi,
  title =        "Semi-parametric models for visual odometry",
  author =       "Vitor Guizilini and Fabio Ramos",
  booktitle =    "Robotics and Automation (ICRA), 2012 IEEE
                 International Conference on",
  pages =        "3482--3489",
  year =         "2012",
  organization = "IEEE",
}

@InProceedings{roberts2008memory,
  title =        "Memory-based learning for visual odometry",
  author =       "Richard Roberts and Hai Nguyen and Niyant
                 Krishnamurthi and Tucker Balch",
  booktitle =    "Robotics and Automation, 2008. ICRA 2008. IEEE
                 International Conference on",
  pages =        "47--52",
  year =         "2008",
  organization = "IEEE",
}

@InProceedings{zhou2017unsupervised,
  title =        "Unsupervised learning of depth and ego-motion from
                 video",
  author =       "Tinghui Zhou and Matthew Brown and Noah Snavely and
                 David G Lowe",
  booktitle =    "CVPR",
  volume =       "2",
  number =       "6",
  pages =        "7",
  year =         "2017",
}

@InProceedings{mahjourian2018unsupervised,
  title =        "Unsupervised Learning of Depth and Ego-Motion from
                 Monocular Video Using 3{D} Geometric Constraints",
  author =       "Reza Mahjourian and Martin Wicke and Anelia Angelova",
  booktitle =    "Proceedings of the IEEE Conference on Computer Vision
                 and Pattern Recognition",
  pages =        "5667--5675",
  year =         "2018",
}

@InProceedings{yin2018geonet,
  title =        "GeoNet: Unsupervised Learning of Dense Depth, Optical
                 Flow and Camera Pose",
  author =       "Zhichao Yin and Jianping Shi",
  booktitle =    "Proceedings of the IEEE Conference on Computer Vision
                 and Pattern Recognition (CVPR)",
  volume =       "2",
  year =         "2018",
}

@InProceedings{zhan2018unsupervised,
  title =        "Unsupervised Learning of Monocular Depth Estimation
                 and Visual Odometry with Deep Feature Reconstruction",
  author =       "Huangying Zhan and Ravi Garg and Chamara Saroj
                 Weerasekera and Kejie Li and Harsh Agarwal and Ian
                 Reid",
  booktitle =    "Proceedings of the IEEE Conference on Computer Vision
                 and Pattern Recognition",
  pages =        "340--349",
  year =         "2018",
}

@Article{vijayanarasimhan2017sfm,
  title =        "Sfm-net: Learning of structure and motion from video",
  author =       "Sudheendra Vijayanarasimhan and Susanna Ricco and
                 Cordelia Schmid and Rahul Sukthankar and Katerina
                 Fragkiadaki",
  journal =      "arXiv preprint arXiv:1704.07804",
  year =         "2017",
}

@Article{fraundorfer2011visual,
  title =        "Visual odometry: Part i: The first 30 years and
                 fundamentals",
  author =       "Friedrich Fraundorfer and Davide Scaramuzza",
  journal =      "IEEE Robotics and Automation Magazine",
  volume =       "18",
  number =       "4",
  pages =        "80--92",
  year =         "2011",
}

@InProceedings{paszke2017automatic,
  title =        "Automatic differentiation in PyTorch",
  author =       "Adam Paszke and Sam Gross and Soumith Chintala and
                 Gregory Chanan and Edward Yang and Zachary DeVito and
                 Zeming Lin and Alban Desmaison and Luca Antiga and Adam
                 Lerer",
  booktitle =    "NIPS-W",
  year =         "2017",
}

@InProceedings{kinga2015method,
  title =        "A method for stochastic optimization",
  author =       "D Kinga and J Ba Adam",
  booktitle =    "International Conference on Learning Representations
                 (ICLR)",
  volume =       "5",
  year =         "2015",
}

@Article{pillai2017towards,
  title =        "Towards visual ego-motion learning in robots",
  author =       "Sudeep Pillai and John J Leonard",
  journal =      "arXiv preprint arXiv:1705.10279",
  year =         "2017",
}
@article{teichmann2016multinet,
    title={MultiNet: Real-time Joint Semantic Reasoning for Autonomous Driving},
    author={Teichmann, Marvin and Weber, Michael and Zoellner, Marius and Cipolla, Roberto and Urtasun, Raquel},
    journal={arXiv preprint arXiv:1612.07695},
    year={2016}
}
@inproceedings{kummerle2011g,
    title={g 2 o: A general framework for graph optimization},
    author={K{\"u}mmerle, Rainer and Grisetti, Giorgio and Strasdat, Hauke and Konolige, Kurt and Burgard, Wolfram},
    booktitle={Robotics and Automation (ICRA), 2011 IEEE International Conference on},
    pages={3607--3613},
    year={2011},
    organization={IEEE}
}
@inproceedings{krizhevsky2012imagenet,
    title={Imagenet classification with deep convolutional neural networks},
    author={Krizhevsky, Alex and Sutskever, Ilya and Hinton, Geoffrey E},
    booktitle={Advances in neural information processing systems},
    pages={1097--1105},
    year={2012}
}
@book{onishchik1993lie,
    title={Lie groups and Lie algebras},
    author={Onishchik, Arkadi{\u\i} L and Vinberg, EB and Minachin, V},
    year={1993},
    publisher={Springer}
}
@string{pami="IEEE Transactions on Pattern Analysis and Machine Intelligence"}
@Article{Engel-et-al-pami2018,
      author = "J. Engel and V. Koltun and D. Cremers",
        title = " Direct Sparse Odometry",
          journal = pami,
            year = "2018",
              month = mar,
                titleurl = {engel_et_al_pami2018.pdf},
                  keywords={mono-ds,dso,directsparseodometry}
}
@inproceedings{iyer2018geometric,
      title={Geometric Consistency for Self-Supervised End-to-End Visual Odometry},
        author={Iyer, Ganesh and Krishna Murthy, J and Gupta, Gunshi and Krishna, Madhava and Paull, Liam},
          booktitle={Proceedings of the IEEE Conference on Computer Vision and Pattern Recognition Workshops},
            pages={267--275},
              year={2018}
}
@inproceedings{parisotto2018global,
      title={Global pose estimation with an attention-based recurrent network},
        author={Parisotto, Emilio and Singh Chaplot, Devendra and Zhang, Jian and Salakhutdinov, Ruslan},
          booktitle={Proceedings of the IEEE Conference on Computer Vision and Pattern Recognition Workshops},
            pages={237--246},
              year={2018}
}
@article{peretroukhin2018dpc,
      title={Dpc-net: Deep pose correction for visual localization},
        author={Peretroukhin, Valentin and Kelly, Jonathan},
          journal={IEEE Robotics and Automation Letters},
            volume={3},
              number={3},
                pages={2424--2431},
                  year={2018},
                    publisher={IEEE}
}
@inproceedings{li2018undeepvo,
      title={Undeepvo: Monocular visual odometry through unsupervised deep learning},
        author={Li, Ruihao and Wang, Sen and Long, Zhiqiang and Gu, Dongbing},
          booktitle={2018 IEEE International Conference on Robotics and Automation (ICRA)},
            pages={7286--7291},
              year={2018},
                organization={IEEE}
}
@COMMENT{Scale recovery}
@inproceedings{wang2018monocular,
  title={Monocular visual odometry scale recovery using geometrical constraint},
  author={Wang, Xiangwei and Zhang, Hui and Yin, Xiaochuan and Du, Mingxiao and Chen, Qijun},
  booktitle={2018 IEEE International Conference on Robotics and Automation (ICRA)},
  pages={988--995},
  year={2018},
  organization={IEEE}
}

@misc{Lee2015MoncularScale,
   author = {Lee, B. and Daniilidis, K. and Lee, D. D.},
   title = {Online self-supervised monocular visual odometry for ground vehicles},
   pages = {5232-5238},
   year = {2015},
   type = {Conference Paper}
}

@inproceedings{engel2015large,
  title={Large-scale direct SLAM with stereo cameras},
  author={Engel, Jakob and St{\"u}ckler, J{\"o}rg and Cremers, Daniel},
  booktitle={2015 IEEE/RSJ International Conference on Intelligent Robots and Systems (IROS)},
  pages={1935--1942},
  year={2015},
  organization={IEEE}
}
@article{mur2017orb,
  title={Orb-slam2: An open-source slam system for monocular, stereo, and rgb-d cameras},
  author={Mur-Artal, Raul and Tard{\'o}s, Juan D},
  journal={IEEE Transactions on Robotics},
  volume={33},
  number={5},
  pages={1255--1262},
  year={2017},
  publisher={IEEE}
}
@inproceedings{wang2017stereo,
  title={Stereo DSO: Large-scale direct sparse visual odometry with stereo cameras},
  author={Wang, Rui and Schworer, Martin and Cremers, Daniel},
  booktitle={Proceedings of the IEEE International Conference on Computer Vision},
  pages={3903--3911},
  year={2017}
}
@INPROCEEDINGS{Kitt2010IV,
  author = {Bernd Kitt and Andreas Geiger and Henning Lategahn},
  title = {Visual Odometry based on Stereo Image Sequences with RANSAC-based Outlier Rejection Scheme},
  booktitle = {Intelligent Vehicles Symposium (IV)},
  year = {2010}
}
@article{qin2018vins,
  title={Vins-mono: A robust and versatile monocular visual-inertial state estimator},
  author={Qin, Tong and Li, Peiliang and Shen, Shaojie},
  journal={IEEE Transactions on Robotics},
  volume={34},
  number={4},
  pages={1004--1020},
  year={2018},
  publisher={IEEE}
}
@inproceedings{zhang2015visual,
  title={Visual-lidar odometry and mapping: Low-drift, robust, and fast},
  author={Zhang, Ji and Singh, Sanjiv},
  booktitle={2015 IEEE International Conference on Robotics and Automation (ICRA)},
  pages={2174--2181},
  year={2015},
  organization={IEEE}
}
@article{zhang2017real,
  title={A real-time method for depth enhanced visual odometry},
  author={Zhang, Ji and Kaess, Michael and Singh, Sanjiv},
  journal={Autonomous Robots},
  volume={41},
  number={1},
  pages={31--43},
  year={2017},
  publisher={Springer}
}
@inproceedings{yin2017scale,
  title={Scale recovery for monocular visual odometry using depth estimated with deep convolutional neural fields},
  author={Yin, Xiaochuan and Wang, Xiangwei and Du, Xiaoguo and Chen, Qijun},
  booktitle={Proceedings of the IEEE International Conference on Computer Vision},
  pages={5870--5878},
  year={2017}
}
@inproceedings{yang2018deep,
  title={Deep virtual stereo odometry: Leveraging deep depth prediction for monocular direct sparse odometry},
  author={Yang, Nan and Wang, Rui and Stuckler, Jorg and Cremers, Daniel},
  booktitle={Proceedings of the European Conference on Computer Vision (ECCV)},
  pages={817--833},
  year={2018}
}


@comment{Learning Planar VO}
@inproceedings{scaramuzza2009real,
  title={Real-time monocular visual odometry for on-road vehicles with 1-point ransac},
  author={Scaramuzza, Davide and Fraundorfer, Friedrich and Siegwart, Roland},
  booktitle={2009 IEEE International Conference on Robotics and Automation},
  pages={4293--4299},
  year={2009},
  organization={Ieee}
}
@inproceedings{guan2020minimal,
  title={Minimal Solutions for Relative Pose with a Single Affine Correspondence},
  author={Guan, Banglei and Zhao, Ji and Li, Zhang and Sun, Fang and Fraundorfer, Friedrich},
  booktitle={Proceedings of the IEEE/CVF Conference on Computer Vision and Pattern Recognition},
  pages={1929--1938},
  year={2020}
}

@depth{monocular,}
@inproceedings{eigen2014depth,
  title={Depth map prediction from a single image using a multi-scale deep network},
  author={Eigen, David and Puhrsch, Christian and Fergus, Rob},
  booktitle={Advances in neural information processing systems},
  pages={2366--2374},
  year={2014}
}
@inproceedings{tateno2017cnn,
  title={Cnn-slam: Real-time dense monocular slam with learned depth prediction},
  author={Tateno, Keisuke and Tombari, Federico and Laina, Iro and Navab, Nassir},
  booktitle={Proceedings of the IEEE Conference on Computer Vision and Pattern Recognition},
  pages={6243--6252},
  year={2017}
}
@inproceedings{yin2017scale,
  title={Scale recovery for monocular visual odometry using depth estimated with deep convolutional neural fields},
  author={Yin, Xiaochuan and Wang, Xiangwei and Du, Xiaoguo and Chen, Qijun},
  booktitle={Proceedings of the IEEE International Conference on Computer Vision},
  pages={5870--5878},
  year={2017}
}
@inproceedings{yang2018deep,
  title={Deep virtual stereo odometry: Leveraging deep depth prediction for monocular direct sparse odometry},
  author={Yang, Nan and Wang, Rui and Stuckler, Jorg and Cremers, Daniel},
  booktitle={Proceedings of the European Conference on Computer Vision (ECCV)},
  pages={817--833},
  year={2018}
}

@inproceedings{yang2020d3vo,
  title={D3VO: Deep Depth, Deep Pose and Deep Uncertainty for Monocular Visual Odometry},
  author={Yang, Nan and Stumberg, Lukas von and Wang, Rui and Cremers, Daniel},
  booktitle={Proceedings of the IEEE/CVF Conference on Computer Vision and Pattern Recognition},
  pages={1281--1292},
  year={2020}
}
@conference{Wang-2019-118682,
author = {Xiangwei Wang and Daniel Maturana and Shichao Yang and Wenshan Wang and Qijun Chen and Sebastian Scherer},
title = {Improving Learning-based Ego-motion Estimation with Homomorphism-based Losses and Drift Correction},
booktitle = {Proceedings of (IROS) IEEE/RSJ International Conference on Intelligent Robots and Systems},
year = {2019},
month = {November},
}
@article{slinko2019scene,
  title={Scene motion decomposition for learnable visual odometry},
  author={Slinko, Igor and Vorontsova, Anna and Konokhov, Filipp and Barinova, Olga and Konushin, Anton},
  journal={arXiv preprint arXiv:1907.07227},
  year={2019}
}
@article{slinko2019training,
  title={Training Deep SLAM on Single Frames},
  author={Slinko, Igor and Vorontsova, Anna and Zhukov, Dmitry and Barinova, Olga and Konushin, Anton},
  journal={arXiv preprint arXiv:1912.05405},
  year={2019}
}
@book{siegwart2011introduction,
  title={Introduction to autonomous mobile robots},
  author={Siegwart, Roland and Nourbakhsh, Illah Reza and Scaramuzza, Davide},
  year={2011},
  publisher={MIT press}
}
@article{choi2015simplified,
  title={Simplified epipolar geometry for real-time monocular visual odometry on roads},
  author={Choi, Sunglok and Park, Jaehyun and Yu, Wonpil},
  journal={International Journal of Control, Automation and Systems},
  volume={13},
  number={6},
  pages={1454--1464},
  year={2015},
  publisher={Springer}
}
@book{siegwart2011introduction,
	Author = {Siegwart, Roland and Nourbakhsh, Illah Reza and Scaramuzza, Davide},
	Publisher = {MIT press},
	Title = {Introduction to autonomous mobile robots},
	Year = {2011}}

@article{choi2015simplified,
	Author = {Choi, Sunglok and Park, Jaehyun and Yu, Wonpil},
	Journal = {International Journal of Control, Automation and Systems},
	Number = {6},
	Pages = {1454--1464},
	Publisher = {Springer},
	Title = {Simplified epipolar geometry for real-time monocular visual odometry on roads},
	Volume = {13},
	Year = {2015}}

@article{4625958,
	Author = {D. {Scaramuzza} and R. {Siegwart}},
	Journal = {IEEE Transactions on Robotics},
	Number = {5},
	Pages = {1015-1026},
	Title = {Appearance-Guided Monocular Omnidirectional Visual Odometry for Outdoor Ground Vehicles},
	Volume = {24},
	Year = {2008}}

@article{7898840,
	Author = {S. {Yang} and R. {Jiang} and H. {Wang} and S. S. {Ge}},
	Journal = {IEEE Transactions on Intelligent Transportation Systems},
	Number = {12},
	Pages = {3449-3456},
	Title = {Road Constrained Monocular Visual Localization Using Gaussian-Gaussian Cloud Model},
	Volume = {18},
	Year = {2017}}

@inproceedings{deng2009imagenet,
	Author = {Deng, Jia and Dong, Wei and Socher, Richard and Li, Li-Jia and Li, Kai and Fei-Fei, Li},
	Booktitle = {2009 IEEE Conference on Computer Vision and Pattern Recognation (CVPR)},
	Date-Modified = {2020-06-29 16:41:57 +0800},
	Organization = {Ieee},
	Pages = {248--255},
	Title = {Imagenet: A large-scale hierarchical image database},
	Year = { Miami, Florida, USA, 20-25 Jun 2009}}

@inproceedings{Cordts2016Cityscapes,
	Author = {Cordts, Marius and Omran, Mohamed and Ramos, Sebastian and Rehfeld, Timo and Enzweiler, Markus and Benenson, Rodrigo and Franke, Uwe and Roth, Stefan and Schiele, Bernt},
	Booktitle = {2016 IEEE Conference on Computer Vision and Pattern Recognation (CVPR)},
	Date-Modified = {2020-06-29 16:42:50 +0800},
	Title = {The Cityscapes Dataset for Semantic Urban Scene Understanding},
	Year = {Caesars Palace, Las Vegas, Nevada, United States,Jun 26- Jul 1, 2016}}

@article{kingma2014adam,
	Author = {Kingma, Diederik P and Ba, Jimmy},
	Journal = {arXiv preprint arXiv:1412.6980},
	Title = {Adam: A method for stochastic optimization},
	Year = {2014}}

@conference{lin2013network,
	Author = {Lin, Min and Chen, Qiang and Yan, Shuicheng},
	Booktitle = {International Conference on Learning Representations (ICLR)},
	Date-Modified = {2020-06-29 12:19:15 +0800},
	Journal = {arXiv preprint arXiv:1312.4400},
	Title = {Network in network},
	Year = {Banff, Canada, Apr 14 - 16, 2014}}

@inproceedings{yu2015multi,
	Author = {Yu, Fisher and Koltun, Vladlen},
	Booktitle = {International Conference on Learning Representations (ICLR)},
	Date-Modified = {2020-06-29 12:13:29 +0800},
	Title = {Multi-scale context aggregation by dilated convolutions},
	Year = {San Juan, Puerto Rico, May 2-4, 2016}}
  @article{karsch2014depth,
  title={Depth transfer: Depth extraction from video using non-parametric sampling},
  author={Karsch, Kevin and Liu, Ce and Kang, Sing Bing},
  journal={IEEE transactions on pattern analysis and machine intelligence},
  volume={36},
  number={11},
  pages={2144--2158},
  year={2014},
  publisher={IEEE}
}
@inproceedings{ranftl2016dense,
  title={Dense monocular depth estimation in complex dynamic scenes},
  author={Ranftl, Rene and Vineet, Vibhav and Chen, Qifeng and Koltun, Vladlen},
  booktitle={Proceedings of the IEEE conference on computer vision and pattern recognition},
  pages={4058--4066},
  year={2016}
}

@techreport{moravec1980obstacle,
  title={Obstacle avoidance and navigation in the real world by a seeing robot rover.},
  author={Moravec, Hans P},
  year={1980},
  institution={Stanford Univ CA Dept of Computer Science}
}
@inproceedings{triggs1999bundle,
  title={Bundle adjustmentâa modern synthesis},
  author={Triggs, Bill and McLauchlan, Philip F and Hartley, Richard I and Fitzgibbon, Andrew W},
  booktitle={International workshop on vision algorithms},
  pages={298--372},
  year={1999},
  organization={Springer}
}
@inproceedings{eade2006scalable,
  title={Scalable monocular SLAM},
  author={Eade, Ethan and Drummond, Tom},
  booktitle={2006 IEEE Computer Society Conference on Computer Vision and Pattern Recognition (CVPR'06)},
  volume={1},
  pages={469--476},
  year={2006},
  organization={IEEE}
}
@inproceedings{zhang2003incremental,
  title={Incremental motion estimation through modified bundle adjustment},
  author={Zhang, Zhengyou and Shan, Ying},
  booktitle={Proceedings 2003 International Conference on Image Processing (Cat. No. 03CH37429)},
  volume={2},
  pages={II--343},
  year={2003},
  organization={IEEE}
}
@inproceedings{davison2003real,
  title={Real-time simultaneous localisation and mapping with a single camera},
  author={Davison, Andrew J},
  booktitle={null},
  pages={1403},
  year={2003},
  organization={IEEE}
}

@inproceedings{klein2007parallel,
  title={Parallel tracking and mapping for small AR workspaces},
  author={Klein, Georg and Murray, David},
  booktitle={2007 6th IEEE and ACM international symposium on mixed and augmented reality},
  pages={225--234},
  year={2007},
  organization={IEEE}
}
@article{strasdat2010scale,
  title={Scale drift-aware large scale monocular SLAM},
  author={Strasdat, Hauke and Montiel, J and Davison, Andrew J},
  journal={Robotics: Science and Systems VI},
  volume={2},
  number={3},
  pages={7},
  year={2010},
  publisher={Universidad de Zaragoza Zaragoza, Spain}
}
@inproceedings{strasdat2011double,
  title={Double window optimisation for constant time visual SLAM},
  author={Strasdat, Hauke and Davison, Andrew J and Montiel, JM Mart{\`\i}nez and Konolige, Kurt},
  booktitle={2011 international conference on computer vision},
  pages={2352--2359},
  year={2011},
  organization={IEEE}
}
@inproceedings{kerl2013dense,
  title={Dense visual SLAM for RGB-D cameras},
  author={Kerl, Christian and Sturm, J{\"u}rgen and Cremers, Daniel},
  booktitle={2013 IEEE/RSJ International Conference on Intelligent Robots and Systems},
  pages={2100--2106},
  year={2013},
  organization={IEEE}
}
@inproceedings{comport2007accurate,
  title={Accurate quadrifocal tracking for robust 3d visual odometry},
  author={Comport, Andrew I and Malis, Ezio and Rives, Patrick},
  booktitle={Proceedings 2007 IEEE International Conference on Robotics and Automation},
  pages={40--45},
  year={2007},
  organization={IEEE}
}
@inproceedings{newcombe2011dtam,
  title={DTAM: Dense tracking and mapping in real-time},
  author={Newcombe, Richard A and Lovegrove, Steven J and Davison, Andrew J},
  booktitle={2011 international conference on computer vision},
  pages={2320--2327},
  year={2011},
  organization={IEEE}
}
@article{engel2017direct,
  title={Direct sparse odometry},
  author={Engel, Jakob and Koltun, Vladlen and Cremers, Daniel},
  journal={IEEE transactions on pattern analysis and machine intelligence},
  volume={40},
  number={3},
  pages={611--625},
  year={2017},
  publisher={IEEE}
}
@inproceedings{pizzoli2014remode,
  title={REMODE: Probabilistic, monocular dense reconstruction in real time},
  author={Pizzoli, Matia and Forster, Christian and Scaramuzza, Davide},
  booktitle={2014 IEEE International Conference on Robotics and Automation (ICRA)},
  pages={2609--2616},
  year={2014},
  organization={IEEE}
}
@inproceedings{stuhmer2010real,
  title={Real-time dense geometry from a handheld camera},
  author={St{\"u}hmer, Jan and Gumhold, Stefan and Cremers, Daniel},
  booktitle={Joint Pattern Recognition Symposium},
  pages={11--20},
  year={2010},
  organization={Springer}
}
@inproceedings{engel2013semi,
  title={Semi-dense visual odometry for a monocular camera},
  author={Engel, Jakob and Sturm, Jurgen and Cremers, Daniel},
  booktitle={Proceedings of the IEEE international conference on computer vision},
  pages={1449--1456},
  year={2013}
}

@inproceedings{pumarola2017pl,
  title={PL-SLAM: Real-time monocular visual SLAM with points and lines},
  author={Pumarola, Albert and Vakhitov, Alexander and Agudo, Antonio and Sanfeliu, Alberto and Moreno-Noguer, Francese},
  booktitle={2017 IEEE international conference on robotics and automation (ICRA)},
  pages={4503--4508},
  year={2017},
  organization={IEEE}
}
@article{sola2012impact,
  title={Impact of landmark parametrization on monocular EKF-SLAM with points and lines},
  author={Sola, Joan and Vidal-Calleja, Teresa and Civera, Javier and Montiel, Jos{\'e} Mar{\'\i}a Mart{\'\i}nez},
  journal={International journal of computer vision},
  volume={97},
  number={3},
  pages={339--368},
  year={2012},
  publisher={Springer}
}
@inproceedings{yang2016pop,
  title={Pop-up slam: Semantic monocular plane slam for low-texture environments},
  author={Yang, Shichao and Song, Yu and Kaess, Michael and Scherer, Sebastian},
  booktitle={2016 IEEE/RSJ International Conference on Intelligent Robots and Systems (IROS)},
  pages={1222--1229},
  year={2016},
  organization={IEEE}
}
@article{yang2019cubeslam,
  title={Cubeslam: Monocular 3-d object slam},
  author={Yang, Shichao and Scherer, Sebastian},
  journal={IEEE Transactions on Robotics},
  volume={35},
  number={4},
  pages={925--938},
  year={2019},
  publisher={IEEE}
}
@article{yang2019monocular,
  title={Monocular object and plane SLAM in structured environments},
  author={Yang, Shichao and Scherer, Sebastian},
  journal={IEEE Robotics and Automation Letters},
  volume={4},
  number={4},
  pages={3145--3152},
  year={2019},
  publisher={IEEE}
}
@inproceedings{bao2012semantic,
  title={Semantic structure from motion with points, regions, and objects},
  author={Bao, Sid Yingze and Bagra, Mohit and Chao, Yu-Wei and Savarese, Silvio},
  booktitle={2012 IEEE Conference on Computer Vision and Pattern Recognition},
  pages={2703--2710},
  year={2012},
  organization={IEEE}
}
@inproceedings{yang2017direct,
  title={Direct monocular odometry using points and lines},
  author={Yang, Shichao and Scherer, Sebastian},
  booktitle={2017 IEEE International Conference on Robotics and Automation (ICRA)},
  pages={3871--3877},
  year={2017},
  organization={IEEE}
}
@inproceedings{witt2013robust,
  title={Robust stereo visual odometry using iterative closest multiple lines},
  author={Witt, Jonas and Weltin, Uwe},
  booktitle={2013 IEEE/RSJ International Conference on Intelligent Robots and Systems},
  pages={4164--4171},
  year={2013},
  organization={IEEE}
}
@inproceedings{lu2015robust,
  title={Robust RGB-D odometry using point and line features},
  author={Lu, Yan and Song, Dezhen},
  booktitle={Proceedings of the IEEE International Conference on Computer Vision},
  pages={3934--3942},
  year={2015}
}
@inproceedings{jose2015realtime,
  title={Realtime edge-based visual odometry for a monocular camera},
  author={Jose Tarrio, Juan and Pedre, Sol},
  booktitle={Proceedings of the IEEE International Conference on Computer Vision},
  pages={702--710},
  year={2015}
}
@inproceedings{gomez2016pl,
  title={Pl-svo: Semi-direct monocular visual odometry by combining points and line segments},
  author={Gomez-Ojeda, Ruben and Briales, Jesus and Gonzalez-Jimenez, Javier},
  booktitle={2016 IEEE/RSJ International Conference on Intelligent Robots and Systems (IROS)},
  pages={4211--4216},
  year={2016},
  organization={IEEE}
}
@article{hyvarinen2005estimation,
  title={Estimation of non-normalized statistical models by score matching},
  author={Hyv{\"a}rinen, Aapo},
  journal={Journal of Machine Learning Research},
  volume={6},
  number={Apr},
  pages={695--709},
  year={2005}
}
@article{nister2004efficient,
  title={An efficient solution to the five-point relative pose problem},
  author={Nist{\'e}r, David},
  journal={IEEE transactions on pattern analysis and machine intelligence},
  volume={26},
  number={6},
  pages={756--770},
  year={2004},
  publisher={IEEE}
}
@article{leutenegger2015keyframe,
  title={Keyframe-based visual--inertial odometry using nonlinear optimization},
  author={Leutenegger, Stefan and Lynen, Simon and Bosse, Michael and Siegwart, Roland and Furgale, Paul},
  journal={The International Journal of Robotics Research},
  volume={34},
  number={3},
  pages={314--334},
  year={2015},
  publisher={SAGE Publications Sage UK: London, England}
}
@article{li2013high,
  title={High-precision, consistent EKF-based visual-inertial odometry},
  author={Li, Mingyang and Mourikis, Anastasios I},
  journal={The International Journal of Robotics Research},
  volume={32},
  number={6},
  pages={690--711},
  year={2013},
  publisher={Sage Publications Sage UK: London, England}
}
@inproceedings{bloesch2015robust,
  title={Robust visual inertial odometry using a direct EKF-based approach},
  author={Bloesch, Michael and Omari, Sammy and Hutter, Marco and Siegwart, Roland},
  booktitle={2015 IEEE/RSJ international conference on intelligent robots and systems (IROS)},
  pages={298--304},
  year={2015},
  organization={IEEE}
}
@article{forster2016manifold,
  title={On-Manifold Preintegration for Real-Time Visual--Inertial Odometry},
  author={Forster, Christian and Carlone, Luca and Dellaert, Frank and Scaramuzza, Davide},
  journal={IEEE Transactions on Robotics},
  volume={33},
  number={1},
  pages={1--21},
  year={2016},
  publisher={IEEE}
}
@article{xiao2019online,
  title={Online IMU self-calibration for visual-inertial systems},
  author={Xiao, Yao and Ruan, Xiaogang and Chai, Jie and Zhang, Xiaoping and Zhu, Xiaoqing},
  journal={Sensors},
  volume={19},
  number={7},
  pages={1624},
  year={2019},
  publisher={Multidisciplinary Digital Publishing Institute}
}
@inproceedings{eckenhoff2019multi,
  title={Multi-camera visual-inertial navigation with online intrinsic and extrinsic calibration},
  author={Eckenhoff, Kevin and Geneva, Patrick and Bloecker, Jesse and Huang, Guoquan},
  booktitle={2019 International Conference on Robotics and Automation (ICRA)},
  pages={3158--3164},
  year={2019},
  organization={IEEE}
}
@article{pandey2015automatic,
  title={Automatic extrinsic calibration of vision and lidar by maximizing mutual information},
  author={Pandey, Gaurav and McBride, James R and Savarese, Silvio and Eustice, Ryan M},
  journal={Journal of Field Robotics},
  volume={32},
  number={5},
  pages={696--722},
  year={2015},
  publisher={Wiley Online Library}
}
@inproceedings{bradley2010binocular,
  title={Binocular camera calibration using rectification error},
  author={Bradley, Derek and Heidrich, Wolfgang},
  booktitle={2010 Canadian Conference on Computer and Robot Vision},
  pages={183--190},
  year={2010},
  organization={IEEE}
}
@incollection{levin2004colorization,
  title={Colorization using optimization},
  author={Levin, Anat and Lischinski, Dani and Weiss, Yair},
  booktitle={ACM SIGGRAPH 2004 Papers},
  pages={689--694},
  year={2004}
}
@article{karsch2014depth,
  title={Depth transfer: Depth extraction from video using non-parametric sampling},
  author={Karsch, Kevin and Liu, Ce and Kang, Sing Bing},
  journal={IEEE transactions on pattern analysis and machine intelligence},
  volume={36},
  number={11},
  pages={2144--2158},
  year={2014},
  publisher={IEEE}
}
@inproceedings{ranftl2016dense,
  title={Dense monocular depth estimation in complex dynamic scenes},
  author={Ranftl, Rene and Vineet, Vibhav and Chen, Qifeng and Koltun, Vladlen},
  booktitle={Proceedings of the IEEE conference on computer vision and pattern recognition},
  pages={4058--4066},
  year={2016}
}
@article{hart2013dogs,
  title={Dogs are sensitive to small variations of the Earthâs magnetic field},
  author={Hart, Vlastimil and Nov{\'a}kov{\'a}, Petra and Malkemper, Erich Pascal and Begall, Sabine and Hanzal, Vladim{\'\i}r and Je{\v{z}}ek, Milo{\v{s}} and Ku{\v{s}}ta, Tom{\'a}{\v{s}} and N{\v{e}}mcov{\'a}, Veronika and Ad{\'a}mkov{\'a}, Jana and Benediktov{\'a}, Kate{\v{r}}ina and others},
  journal={Frontiers in Zoology},
  volume={10},
  number={1},
  pages={80},
  year={2013},
  publisher={Springer}
}
@inproceedings{valada2018deep,
  title={Deep auxiliary learning for visual localization and odometry},
  author={Valada, Abhinav and Radwan, Noha and Burgard, Wolfram},
  booktitle={2018 IEEE international conference on robotics and automation (ICRA)},
  pages={6939--6946},
  year={2018},
  organization={IEEE}
}
@inproceedings{parisotto2018global,
  title={Global pose estimation with an attention-based recurrent network},
  author={Parisotto, Emilio and Singh Chaplot, Devendra and Zhang, Jian and Salakhutdinov, Ruslan},
  booktitle={Proceedings of the IEEE Conference on Computer Vision and Pattern Recognition Workshops},
  pages={237--246},
  year={2018}
}
@inproceedings{alsayed20182d,
  title={2D SLAM correction prediction in large scale urban environments},
  author={Alsayed, Zayed and Bresson, Guillaume and Verroust-Blondet, Anne and Nashashibi, Fawzi},
  booktitle={2018 IEEE International Conference on Robotics and Automation (ICRA)},
  pages={1--9},
  year={2018},
  organization={IEEE}
}
@inproceedings{iyer2018geometric,
  title={Geometric consistency for self-supervised end-to-end visual odometry},
  author={Iyer, Ganesh and Krishna Murthy, J and Gupta, Gunshi and Krishna, Madhava and Paull, Liam},
  booktitle={Proceedings of the IEEE Conference on Computer Vision and Pattern Recognition Workshops},
  pages={267--275},
  year={2018}
}

@article{lange1989robust,
  title={Robust statistical modeling using the t distribution},
  author={Lange, Kenneth L and Little, Roderick JA and Taylor, Jeremy MG},
  journal={Journal of the American Statistical Association},
  volume={84},
  number={408},
  pages={881--896},
  year={1989},
  publisher={Taylor \& Francis Group}
}
@book{siegwart2011introduction,
  title={Introduction to autonomous mobile robots},
  author={Siegwart, Roland and Nourbakhsh, Illah Reza and Scaramuzza, Davide},
  year={2011},
  publisher={MIT press}
}
@article{rubio2019review,
  title={A review of mobile robots: Concepts, methods, theoretical framework, and applications},
  author={Rubio, Francisco and Valero, Francisco and Llopis-Albert, Carlos},
  journal={International Journal of Advanced Robotic Systems},
  volume={16},
  number={2},
  pages={1729881419839596},
  year={2019},
  publisher={SAGE Publications Sage UK: London, England}
}
@article{clarke1933signal,
  title={Signal Corps Pigeons},
  author={Clarke, Carter W},
  journal={The Military Engineer},
  volume={25},
  number={140},
  pages={133--138},
  year={1933},
  publisher={JSTOR}
}
@article{morrissey2006passive,
  title={Passive acoustic detection and localization of sperm whales (Physeter macrocephalus) in the tongue of the ocean},
  author={Morrissey, RP and Ward, J and DiMarzio, N and Jarvis, S and Moretti, DJ},
  journal={Applied acoustics},
  volume={67},
  number={11-12},
  pages={1091--1105},
  year={2006},
  publisher={Elsevier}
}
@article{seddon1968line,
  title={Line of Position from a Horizontal Angle},
  author={Seddon, J Carl},
  journal={The Journal of Navigation},
  volume={21},
  number={3},
  pages={367--369},
  year={1968},
  publisher={Cambridge University Press}
}
@inproceedings{kummerle2011g,
  title={g 2 o: A general framework for graph optimization},
  author={K{\"u}mmerle, Rainer and Grisetti, Giorgio and Strasdat, Hauke and Konolige, Kurt and Burgard, Wolfram},
  booktitle={2011 IEEE International Conference on Robotics and Automation},
  pages={3607--3613},
  year={2011},
  organization={IEEE}
}
@article{é»ç¾¤æ§2015ä¸­å½å¶é ä¸çæ ¸å¿è½åãåè½å®ä½ä¸åå±æç¥ââå¼è¯ãä¸­å½å¶é ,
  title={ä¸­å½å¶é ä¸çæ ¸å¿è½åãåè½å®ä½ä¸åå±æç¥ââå¼è¯ãä¸­å½å¶é 2025ã},
  author={é»ç¾¤æ§ and è´ºä¿},
  journal={ä¸­å½å·¥ä¸ç»æµ},
  number={06},
  pages={7-19},
  year={2015},
}
@article{wubbeke2016made,
  title={Made in china 2025},
  author={W{\"u}bbeke, Jost and Meissner, Mirjam and Zenglein, Max J and Ives, Jaqueline and Conrad, Bj{\"o}rn},
  journal={Mercator Institute for China Studies. Papers on China},
  volume={2},
  pages={74},
  year={2016}
}
@article{lasi2014industry,
  title={Industry 4.0},
  author={Lasi, Heiner and Fettke, Peter and Kemper, Hans-Georg and Feld, Thomas and Hoffmann, Michael},
  journal={Business \& information systems engineering},
  volume={6},
  number={4},
  pages={239--242},
  year={2014},
  publisher={Springer}
}
@article{delaunay1934sphere,
  title={Sur la sphere vide},
  author={Delaunay, Boris and others},
  journal={Izv. Akad. Nauk SSSR, Otdelenie Matematicheskii i Estestvennyka Nauk},
  volume={7},
  number={793-800},
  pages={1--2},
  year={1934}
}
@inproceedings{wang2018learning,
  title={Learning depth from monocular videos using direct methods},
  author={Wang, Chaoyang and Miguel Buenaposada, Jos{\'e} and Zhu, Rui and Lucey, Simon},
  booktitle={Proceedings of the IEEE Conference on Computer Vision and Pattern Recognition},
  pages={2022--2030},
  year={2018}
}
@article{jia2014caffe,
  Author = {Jia, Yangqing and Shelhamer, Evan and Donahue, Jeff and Karayev, Sergey and Long, Jonathan and Girshick, Ross and Guadarrama, Sergio and Darrell, Trevor},
  Journal = {arXiv preprint arXiv:1408.5093},
  Title = {Caffe: Convolutional Architecture for Fast Feature Embedding},
  Year = {2014}
}
@inproceedings{krizhevsky2012imagenet,
  title={Imagenet classification with deep convolutional neural networks},
  author={Krizhevsky, Alex and Sutskever, Ilya and Hinton, Geoffrey E},
  booktitle={Advances in neural information processing systems},
  pages={1097--1105},
  year={2012}
}
@inproceedings{long2015fully,
  title={Fully convolutional networks for semantic segmentation},
  author={Long, Jonathan and Shelhamer, Evan and Darrell, Trevor},
  booktitle={Proceedings of the IEEE conference on computer vision and pattern recognition},
  pages={3431--3440},
  year={2015}
}
@inproceedings{girshick2015fast,
  title={Fast r-cnn},
  author={Girshick, Ross},
  booktitle={Proceedings of the IEEE international conference on computer vision},
  pages={1440--1448},
  year={2015}
}
@book{sun1995robot,
    title={æºå¨äººæºè½æ§å¶},
    author={å­å¢å»},
    year={1995},
    publisher={å±±è¥¿æè²åºçç¤¾}
}
@inproceedings{ummenhofer2017demon,
  title={Demon: Depth and motion network for learning monocular stereo},
  author={Ummenhofer, Benjamin and Zhou, Huizhong and Uhrig, Jonas and Mayer, Nikolaus and Ilg, Eddy and Dosovitskiy, Alexey and Brox, Thomas},
  booktitle={Proceedings of the IEEE Conference on Computer Vision and Pattern Recognition},
  pages={5038--5047},
  year={2017}
}
@article{lynn2002principles,
  title={Principles of sampling},
  author={Lynn, Peter},
  journal={Research methods for postgraduates},
  volume={2},
  pages={185--194},
  year={2002},
  publisher={Arnold Publishers London}
}
@book{bourbaki2003elements,
  title={Elements of mathematics: Algebra},
  author={Bourbaki, Nicolas},
  year={2003},
  publisher={Springer}
}
@incollection{huber1992robust,
  title={Robust estimation of a location parameter},
  author={Huber, Peter J},
  booktitle={Breakthroughs in statistics},
  pages={492--518},
  year={1992},
  publisher={Springer}
}
@article{pettigrew1986evolution,
  title={Evolution of binocular vision},
  author={Pettigrew, John D},
  journal={Visual neuroscience},
  pages={208--222},
  year={1986},
  publisher={Cambridge University Press Cambridge}
}
@article{donnelly2003optimal,
  title={Optimal pupil size in the human eye for axial resolution},
  author={Donnelly, William J and Roorda, Austin},
  journal={JOSA A},
  volume={20},
  number={11},
  pages={2010--2015},
  year={2003},
  publisher={Optical Society of America}
}
@article{artal2006human,
  title={The human eye is an example of robust optical design},
  author={Artal, Pablo and Benito, Antonio and Tabernero, Juan},
  journal={Journal of vision},
  volume={6},
  number={1},
  pages={1--1},
  year={2006},
  publisher={The Association for Research in Vision and Ophthalmology}
}
@article{guo2019scale,
  title={åºäºåç®æ·±åº¦ä¼°è®¡çè§è§éç¨è®¡ç®æ³},
  author={é­ç½},
  journal={æ äººç³»ç»ææ¯},
  number={3},
  pages={4},
  year={2019}
}
%% This BibTeX bibliography file was created using BibDesk.
%% https://bibdesk.sourceforge.io/

%% Created for David at 2020-06-29 16:47:49 +0800 


%% Saved with string encoding Unicode (UTF-8) 


@string{pami = {IEEE Transactions on Pattern Analysis and Machine Intelligence}}


@inproceedings{8460773,
	Author = {Z. {Alsayed} and G. {Bresson} and A. {Verroust-Blondet} and F. {Nashashibi}},
	Booktitle = {2018 IEEE International Conference on Robotics and Automation (ICRA)},
	Doi = {10.1109/ICRA.2018.8460773},
	Keywords = {image representation;mobile robots;multilayer perceptrons;pose estimation;robot vision;SLAM (robots);autonomous mobile robots;large scale urban environments;simultaneous location and mapping;hybrid correction module;likelihood distributions;2D likelihood SLAM approaches;successive estimated poses;Ensemble Multilayer Perceptron model;SLAM estimations;systematic errors;sensor measurement errors;SLAM map representation;observation model;motion model;probabilistic formulation;Simultaneous localization and mapping;Two dimensional displays;Estimation;Neural networks;Predictive models;Kalman filters},
	Month = {May},
	Pages = {1-9},
	Title = {2D SLAM Correction Prediction in Large Scale Urban Environments},
	Year = {2018},
	Bdsk-Url-1 = {https://doi.org/10.1109/ICRA.2018.8460773}}

@inproceedings{valada2018deep,
	Author = {Valada, Abhinav and Radwan, Noha and Burgard, Wolfram},
	Booktitle = {2018 IEEE International Conference on Robotics and Automation (ICRA)},
	Date-Modified = {2020-06-29 16:25:12 +0800},
	Organization = {IEEE},
	Pages = {6939--6946},
	Title = {Deep auxiliary learning for visual localization and odometry},
	Year = {Brisbane, Australia, May 21-25, 2018}}

@article{clement2018train,
	Author = {Clement, Lee and Kelly, Jonathan},
	Journal = {IEEE Robotics and Automation Letters},
	Number = {3},
	Pages = {2447--2454},
	Publisher = {IEEE},
	Title = {How to train a cat: learning canonical appearance transformations for direct visual localization under illumination change},
	Volume = {3},
	Year = {2018}}

@article{8260906,
	Author = {J. {Tang} and J. {Folkesson} and P. {Jensfelt}},
	Doi = {10.1109/LRA.2018.2794624},
	Journal = {IEEE Robotics and Automation Letters},
	Keywords = {cameras;feature extraction;image matching;learning (artificial intelligence);mobile robots;motion estimation;neural nets;pose estimation;recurrent neural nets;robot vision;SLAM (robots);geometric correspondence network;camera motion estimation;convolutional neural network;CNN;recurrent neural network;unified structure;warping points;source frame;reference frame;visual odometry method;deep learning;keypoints location;hand crafted method;naive SLAM implementation;ORB-SLAM;Cameras;Motion estimation;Feature extraction;Simultaneous localization and mapping;Machine learning;Visual-based navigation;SLAM;deep learning in robotics and automation},
	Month = {April},
	Number = {2},
	Pages = {1010-1017},
	Title = {Geometric Correspondence Network for Camera Motion Estimation},
	Volume = {3},
	Year = {2018},
	Bdsk-Url-1 = {https://doi.org/10.1109/LRA.2018.2794624}}

@inproceedings{klodt2018supervising,
	Author = {Klodt, Maria and Vedaldi, Andrea},
	Booktitle = {Proceedings of the European Conference on Computer Vision (ECCV)},
	Date-Modified = {2020-06-29 16:36:50 +0800},
	Pages = {698--713},
	Title = {Supervising the new with the old: learning SFM from SFM},
	Year = {Munich, Germany, September 8 - 14, 2018 }}

@inproceedings{almalioglu2019ganvo,
	Author = {Almalioglu, Yasin and Saputra, Muhamad Risqi U and de Gusmao, Pedro PB and Markham, Andrew and Trigoni, Niki},
	Booktitle = {2019 International Conference on Robotics and Automation (ICRA)},
	Date-Modified = {2020-06-29 16:34:56 +0800},
	Organization = {IEEE},
	Pages = {5474--5480},
	Title = {GANVO: Unsupervised deep monocular visual odometry and depth estimation with generative adversarial networks},
	Year = {Montreal, Canada, May 20-24, 2019}}

@inproceedings{ono2018lf,
	Author = {Ono, Yuki and Trulls, Eduard and Fua, Pascal and Yi, Kwang Moo},
	Booktitle = {Advances in Neural Information Processing Systems},
	Pages = {6234--6244},
	Title = {LF-Net: learning local features from images},
	Year = {2018}}

@article{yin2019unsupervised,
	Author = {Yin, Xiaochuan and Liu, Chengju},
	Journal = {arXiv preprint arXiv:1908.01367},
	Title = {Unsupervised Learning of Depth and Deep Representation for Visual Odometry from Monocular Videos in a Metric Space},
	Year = {2019}}

@inproceedings{detone2018superpoint,
	Author = {DeTone, Daniel and Malisiewicz, Tomasz and Rabinovich, Andrew},
	Booktitle = {Proceedings of the IEEE Conference on Computer Vision and Pattern Recognition Workshops},
	Date-Modified = {2020-06-29 16:31:12 +0800},
	Pages = {224--236},
	Title = {Superpoint: Self-supervised interest point detection and description},
	Year = {Salt Lake City, UT, USA, Jun 18-22, 2018}}

@inproceedings{wu2018group,
	Author = {Wu, Yuxin and He, Kaiming},
	Booktitle = {Proceedings of the European Conference on Computer Vision (ECCV)},
	Date-Modified = {2020-06-29 12:16:09 +0800},
	Pages = {3--19},
	Title = {Group normalization},
	Year = {Munich, Germany, September 8 -- 14, 2018}}

@article{RobotCarDatasetIJRR,
	Author = {Will Maddern and Geoff Pascoe and Chris Linegar and Paul Newman},
	Date-Modified = {2020-06-29 16:43:43 +0800},
	Journal = {The International Journal of Robotics Research (IJRR)},
	Number = {1},
	Pages = {3-15},
	Pdf = {https://robotcar-dataset.robots.ox.ac.uk/images/robotcar_ijrr.pdf},
	Title = {{1 Year, 1000km: The Oxford RobotCar Dataset}},
	Volume = {36},
	Year = {2017},
	Bdsk-Url-1 = {http://dx.doi.org/10.1177/0278364916679498}}

@inproceedings{peris2012towards,
	Author = {Peris, Martin and Martull, Sara and Maki, Atsuto and Ohkawa, Yasuhiro and Fukui, Kazuhiro},
	Booktitle = {Pattern Recognition (ICPR), 2012 21st International Conference on},
	Organization = {IEEE},
	Pages = {1038--1042},
	Title = {Towards a simulation driven stereo vision system},
	Year = {2012}}

@inproceedings{gaidon2016virtual,
	Author = {Gaidon, Adrien and Wang, Qiao and Cabon, Yohann and Vig, Eleonora},
	Booktitle = {Proceedings of the IEEE conference on computer vision and pattern recognition},
	Pages = {4340--4349},
	Title = {Virtual worlds as proxy for multi-object tracking analysis},
	Year = {2016}}

@inproceedings{redmon2016you,
	Author = {Redmon, Joseph and Divvala, Santosh and Girshick, Ross and Farhadi, Ali},
	Booktitle = {Proceedings of the IEEE conference on computer vision and pattern recognition},
	Pages = {779--788},
	Title = {You only look once: Unified, real-time object detection},
	Year = {2016}}

@inproceedings{nister2004visual,
	Author = {David Nist{\'e}r and Oleg Naroditsky and James Bergen},
	Booktitle = {2004 IEEE Conference on Computer Vision and Pattern Recognation (CVPR)},
	Date-Modified = {2020-06-28 23:18:28 +0800},
	Organization = {Ieee},
	Title = {Visual odometry},
	Volume = {1},
	Year = {2004}}

@article{costante2018ls,
	Author = {Costante, Gabriele and Ciarfuglia, Thomas Alessandro},
	Journal = {IEEE Robotics and Automation Letters},
	Number = {3},
	Pages = {1735--1742},
	Publisher = {IEEE},
	Title = {LS-VO: Learning dense optical subspace for robust visual odometry estimation},
	Volume = {3},
	Year = {2018}}

@article{wang2018end,
	Author = {Wang, Sen and Clark, Ronald and Wen, Hongkai and Trigoni, Niki},
	Journal = {The International Journal of Robotics Research},
	Number = {4-5},
	Pages = {513--542},
	Publisher = {SAGE Publications Sage UK: London, England},
	Title = {End-to-end, sequence-to-sequence probabilistic visual odometry through deep neural networks},
	Volume = {37},
	Year = {2018}}

@inproceedings{geiger2012kitti,
	Author = {Andreas Geiger and Philip Lenz and Raquel Urtasun},
	Booktitle = {2012 IEEE Conference on Computer Vision and Pattern Recognation (CVPR)},
	Date-Modified = {2020-06-29 16:43:23 +0800},
	Isbn = {1-4673-1226-6},
	Pages = {3354--3361},
	Publisher = {IEEE},
	Title = {Are we ready for autonomous driving? the kitti vision benchmark suite},
	Type = {Conference Proceedings},
	Year = {Providence, RI, USA, Jun 16-21}}

@article{kitt2011mono,
	Author = {Bernd Manfred Kitt and J{\"o}rn Rehder and Andrew D Chambers and Miriam Schonbein and Henning Lategahn and Sanjiv Singh},
	Title = {Monocular visual odometry using a planar road model to solve scale ambiguity},
	Type = {Journal Article},
	Year = {2011}}

@inproceedings{choi2011what,
	Author = {Sunglok Choi and Ji Hoon Joung and Wonpil Yu and Jae-Il Cho},
	Booktitle = {Control, Automation and Systems (ICCAS), 2011 11th International Conference on},
	Isbn = {1-4577-0835-3},
	Pages = {1480--1485},
	Publisher = {IEEE},
	Title = {What does ground tell us? monocular visual odometry under planar motion constraint},
	Type = {Conference Proceedings},
	Year = {2011}}

@inproceedings{forster2015imu,
	Author = {Christian Forster and Luca Carlone and Frank Dellaert and Davide Scaramuzza},
	Organization = {Georgia Institute of Technology},
	Title = {{IMU} preintegration on manifold for efficient visual-inertial maximum-a-posteriori estimation},
	Year = {2015}}

@inproceedings{usenko2016direct,
	Author = {Vladyslav Usenko and Jakob Engel and J{\"o}rg St{\"u}ckler and Daniel Cremers},
	Booktitle = {Robotics and Automation (ICRA), 2016 IEEE International Conference on},
	Organization = {IEEE},
	Pages = {1885--1892},
	Title = {Direct visual-inertial odometry with stereo cameras},
	Year = {2016}}

@article{luong1996fundamental,
	Author = {Quan-Tuan Luong and Olivier D Faugeras},
	Journal = {International journal of computer vision},
	Number = {1},
	Pages = {43--75},
	Publisher = {Springer},
	Title = {The fundamental matrix: Theory, algorithms, and stability analysis},
	Volume = {17},
	Year = {1996}}

@article{lepetit2009epnp,
	Author = {Vincent Lepetit and Francesc Moreno-Noguer and Pascal Fua},
	Journal = {International journal of computer vision},
	Number = {2},
	Pages = {155},
	Publisher = {Springer},
	Title = {Epnp: An accurate o (n) solution to the pnp problem},
	Volume = {81},
	Year = {2009}}

@article{zhang2015demo,
	Author = {Ji Zhang and Michael Kaess and Sanjiv Singh},
	Issn = {0929-5593},
	Journal = {Autonomous Robots},
	Pages = {1--13},
	Title = {A real-time method for depth enhanced visual odometry},
	Type = {Journal Article},
	Year = {2015}}

@article{kalman1960filter,
	Author = {Rudolph Emil Kalman},
	Journal = {Transactions of the ASME--Journal of Basic Engineering},
	Number = {Series D},
	Pages = {35--45},
	Title = {A New Approach to Linear Filtering and Prediction Problems},
	Volume = {82},
	Year = {1960}}

@article{costante2016exploring,
	Author = {Gabriele Costante and Michele Mancini and Paolo Valigi and Thomas A Ciarfuglia},
	Journal = {IEEE Robotics and Automation Letters},
	Number = {1},
	Pages = {18--25},
	Publisher = {IEEE},
	Title = {Exploring representation learning with cnns for frame-to-frame ego-motion estimation},
	Volume = {1},
	Year = {2016}}

@article{ciarfuglia2014evaluation,
	Author = {Thomas A Ciarfuglia and Gabriele Costante and Paolo Valigi and Elisa Ricci},
	Journal = {Robotics and Autonomous Systems},
	Number = {12},
	Pages = {1717--1730},
	Publisher = {Elsevier},
	Title = {Evaluation of non-geometric methods for visual odometry},
	Volume = {62},
	Year = {2014}}

@inproceedings{eigen2014depth,
	Author = {David Eigen and Christian Puhrsch and Rob Fergus},
	Booktitle = {Advances in neural information processing systems},
	Pages = {2366--2374},
	Title = {Depth map prediction from a single image using a multi-scale deep network},
	Year = {2014}}

@article{liu2016learning,
	Author = {Fayao Liu and Chunhua Shen and Guosheng Lin and Ian Reid},
	Journal = {IEEE transactions on pattern analysis and machine intelligence},
	Number = {10},
	Pages = {2024--2039},
	Publisher = {IEEE},
	Title = {Learning depth from single monocular images using deep convolutional neural fields},
	Volume = {38},
	Year = {2016}}

@inproceedings{shibata2015scale,
	Author = {Akira Shibata and Hiromitsu Fujii and Atsushi Yamashita and Hajime Asama},
	Booktitle = {Robotics and Automation (ICRA), 2015 IEEE International Conference on},
	Date-Modified = {2020-06-29 16:44:58 +0800},
	Organization = {IEEE},
	Pages = {5239--5244},
	Title = {Scale-reconstructable Structure from Motion using refraction with a single camera},
	Year = {Seattle, Washington, USA , May 26-30, 2015}}

@inproceedings{zhang2015vlidar,
	Author = {Ji Zhang and Sanjiv Singh},
	Booktitle = {2015 IEEE International Conference on Robotics and Automation (ICRA)},
	Date-Modified = {2020-06-29 16:44:54 +0800},
	Pages = {2174--2181},
	Publisher = {IEEE},
	Title = {Visual-lidar odometry and mapping: Low-drift, robust, and fast},
	Type = {Conference Proceedings},
	Year = {Seattle, Washington, USA , May 26-30, 2015}}

@article{scaramuzza2011vo,
	Author = {D. Scaramuzza and F. Fraundorfer},
	Journal = {IEEE Robotics and Automation Magazine},
	Title = {Visual Odometry: Part {I} - The First 30 Years and Fundamentals},
	Type = {Journal Article},
	Volume = {4},
	Year = {2011}}

@article{cadena2016slam,
	Author = {Cesar Cadena and Luca Carlone and Henry Carrillo and Yasir Latif and Davide Scaramuzza and Jose Neira and Ian D. Reid and John J. Leonard},
	Journal = {CoRR {abs/1606.05830}},
	Title = {Simultaneous Localization And Mapping: Present, Future, and the Robust-Perception Age},
	Type = {Journal Article},
	Url = {http://arxiv.org/abs/1606.05830},
	Year = {2016},
	Bdsk-Url-1 = {http://arxiv.org/abs/1606.05830}}

@inproceedings{engel2014lsd,
	Author = {Jakob Engel and Thomas Sch{\"o}ps and Daniel Cremers},
	Booktitle = {European Conference on Computer Vision},
	Organization = {Springer},
	Pages = {834--849},
	Title = {{LSD}-{SLAM}: Large-scale direct monocular {SLAM}},
	Year = {2014}}

@article{raul2015orb,
	Author = {Raul Mur-Artal and JMM Montiel and Juan D Tard{\'o}s},
	Issn = {1552-3098},
	Journal = {IEEE Transactions on Robotics},
	Number = {5},
	Pages = {1147--1163},
	Title = {Orb-slam: a versatile and accurate monocular slam system},
	Type = {Journal Article},
	Volume = {31},
	Year = {2015}}

@conference{Geiger2011IV,
	Author = {Andreas Geiger and Julius Ziegler and Christoph Stiller},
	Booktitle = {Intelligent Vehicles Symposium (IV)},
	Date-Modified = {2020-06-29 12:08:49 +0800},
	Pages = {963-968},
	Title = {StereoScan: Dense 3D Reconstruction in Real-time},
	Year = {Baden-Baden, Germany, Jun 5-9, 2011.}}

@article{hoiem2007recovering,
	Author = {Derek Hoiem and Alexei A Efros and Martial Hebert},
	Journal = {International Journal of Computer Vision},
	Number = {1},
	Pages = {151},
	Publisher = {Springer},
	Title = {Recovering surface layout from an image},
	Volume = {75},
	Year = {2007}}

@article{Mirza2014Conditional,
	Author = {Mehdi Mirza and Simon Osindero},
	Journal = {Computer Science},
	Pages = {2672--2680},
	Title = {Conditional Generative Adversarial Nets},
	Year = {2014}}

@article{Goodfellow2014Generative,
	Author = {Ian J. Goodfellow and Jean Pougetabadie and Mehdi Mirza and Bing Xu and David Wardefarley and Sherjil Ozair and Aaron Courville and Yoshua Bengio},
	Journal = {Advances in Neural Information Processing Systems},
	Pages = {2672--2680},
	Title = {Generative Adversarial Networks},
	Volume = {3},
	Year = {2014}}

@article{Arjovsky2017Wasserstein,
	Author = {Martin Arjovsky and Soumith Chintala and L{\'e}on Bottou},
	Title = {Wasserstein {GAN}},
	Year = {2017}}

@article{Gulrajani2017Improved,
	Author = {Ishaan Gulrajani and Faruk Ahmed and Martin Arjovsky and Vincent Dumoulin and Aaron Courville},
	Title = {Improved Training of Wasserstein {GAN}s},
	Year = {2017}}

@inproceedings{sturm2012benchmark,
	Author = {J{\"u}rgen Sturm and Nikolas Engelhard and Felix Endres and Wolfram Burgard and Daniel Cremers},
	Booktitle = {Intelligent Robots and Systems (IROS), 2012 IEEE/RSJ International Conference on},
	Organization = {IEEE},
	Pages = {573--580},
	Title = {A benchmark for the evaluation of {RGB}-{D} {SLAM} systems},
	Year = {2012}}

@incollection{shewchuk1996triangle,
	Author = {Jonathan Richard Shewchuk},
	Booktitle = {Applied computational geometry towards geometric engineering},
	Pages = {203--222},
	Publisher = {Springer},
	Title = {Triangle: Engineering a 2{D} quality mesh generator and Delaunay triangulator},
	Year = {1996}}

@article{nister2004efficient,
	Author = {David Nist{\'e}r},
	Journal = {IEEE transactions on pattern analysis and machine intelligence},
	Number = {6},
	Pages = {756--770},
	Publisher = {IEEE},
	Title = {An efficient solution to the five-point relative pose problem},
	Volume = {26},
	Year = {2004}}

@inproceedings{forster2014svo,
	Author = {Christian Forster and Matia Pizzoli and Davide Scaramuzza},
	Booktitle = {Robotics and Automation (ICRA), 2014 IEEE International Conference on},
	Organization = {IEEE},
	Pages = {15--22},
	Title = {{SVO}: Fast semi-direct monocular visual odometry},
	Year = {2014}}

@inproceedings{yang2016pop,
	Author = {Shichao Yang and Yu Song and Michael Kaess and Sebastian Scherer},
	Booktitle = {Intelligent Robots and Systems (IROS), 2016 IEEE/RSJ International Conference on},
	Organization = {IEEE},
	Pages = {1222--1229},
	Title = {Pop-up {SLAM}: Semantic monocular plane {SLAM} for low-texture environments},
	Year = {2016}}

@article{fischler1981random,
	Author = {Martin A Fischler and Robert C Bolles},
	Journal = {Communications of the ACM},
	Number = {6},
	Pages = {381--395},
	Publisher = {ACM},
	Title = {Random sample consensus: a paradigm for model fitting with applications to image analysis and automated cartography},
	Volume = {24},
	Year = {1981}}

@inproceedings{wang2017deepvo,
	Author = {Sen Wang and Ronald Clark and Hongkai Wen and Niki Trigoni},
	Booktitle = {2017 IEEE International Conference on Robotics and Automation (2017)},
	Date-Modified = {2020-06-29 16:20:59 +0800},
	Organization = {IEEE},
	Pages = {2043--2050},
	Title = {Deepvo: Towards end-to-end visual odometry with deep recurrent convolutional neural networks},
	Year = {Singapore, Singapore, May 29 - Jun 3, 2017}}

@inproceedings{guizilini2012semi,
	Author = {Vitor Guizilini and Fabio Ramos},
	Booktitle = {International Conference on Robotics and Automation (ICRA)},
	Date-Modified = {2020-06-29 16:18:53 +0800},
	Organization = {IEEE},
	Pages = {3482--3489},
	Title = {Semi-parametric models for visual odometry},
	Year = {Minnesota, USA, May 14-18, 2012}}

@inproceedings{roberts2008memory,
	Author = {Richard Roberts and Hai Nguyen and Niyant Krishnamurthi and Tucker Balch},
	Booktitle = {2008 IEEE International Conference on Robotics and Automation (ICRA)},
	Date-Modified = {2020-06-29 16:17:26 +0800},
	Organization = {IEEE},
	Pages = {47--52},
	Title = {Memory-based learning for visual odometry},
	Year = {California, USA, during May 19 - 23, 2008}}

@inproceedings{zhou2017unsupervised,
	Author = {Tinghui Zhou and Matthew Brown and Noah Snavely and David G Lowe},
	Booktitle = {2017 IEEE Conference on Computer Vision and Pattern Recognation (CVPR)},
	Date-Modified = {2020-06-29 16:23:13 +0800},
	Title = {Unsupervised learning of depth and ego-motion from video},
	Year = {Honolulu, HI, USA, July 21-26, 2017}}

@inproceedings{mahjourian2018unsupervised,
	Author = {Reza Mahjourian and Martin Wicke and Anelia Angelova},
	Booktitle = {Proceedings of the IEEE Conference on Computer Vision and Pattern Recognition},
	Date-Modified = {2020-06-29 16:33:32 +0800},
	Pages = {5667--5675},
	Title = {Unsupervised Learning of Depth and Ego-Motion from Monocular Video Using 3{D} Geometric Constraints},
	Year = {Salt Lake City, UT, USA, Jun 18-22, 2018}}

@inproceedings{yin2018geonet,
	Author = {Zhichao Yin and Jianping Shi},
	Booktitle = {2018 IEEE Conference on Computer Vision and Pattern Recognation (CVPR)},
	Date-Modified = {2020-06-29 16:31:43 +0800},
	Title = {GeoNet: Unsupervised Learning of Dense Depth, Optical Flow and Camera Pose},
	Year = {Salt Lake City, UT, USA, Jun 18-22, 2018}}

@inproceedings{zhan2018unsupervised,
	Author = {Huangying Zhan and Ravi Garg and Chamara Saroj Weerasekera and Kejie Li and Harsh Agarwal and Ian Reid},
	Booktitle = {Proceedings of the IEEE Conference on Computer Vision and Pattern Recognition},
	Date-Modified = {2020-06-29 16:31:58 +0800},
	Pages = {340--349},
	Title = {Unsupervised Learning of Monocular Depth Estimation and Visual Odometry with Deep Feature Reconstruction},
	Year = {Salt Lake City, UT, USA, Jun 18-22, 2018}}

@article{vijayanarasimhan2017sfm,
	Author = {Sudheendra Vijayanarasimhan and Susanna Ricco and Cordelia Schmid and Rahul Sukthankar and Katerina Fragkiadaki},
	Journal = {arXiv preprint arXiv:1704.07804},
	Title = {Sfm-net: Learning of structure and motion from video},
	Year = {2017}}

@article{fraundorfer2011visual,
	Author = {Friedrich Fraundorfer and Davide Scaramuzza},
	Journal = {IEEE Robotics and Automation Magazine},
	Number = {4},
	Pages = {80--92},
	Title = {Visual odometry: Part i: The first 30 years and fundamentals},
	Volume = {18},
	Year = {2011}}

@inproceedings{paszke2017automatic,
	Author = {Adam Paszke and Sam Gross and Soumith Chintala and Gregory Chanan and Edward Yang and Zachary DeVito and Zeming Lin and Alban Desmaison and Luca Antiga and Adam Lerer},
	Booktitle = {NIPS-W},
	Title = {Automatic differentiation in PyTorch},
	Year = {2017}}

@inproceedings{kinga2015method,
	Author = {D Kinga and J Ba Adam},
	Booktitle = {International Conference on Learning Representations (ICLR)},
	Title = {A method for stochastic optimization},
	Volume = {5},
	Year = {2015}}

@inproceedings{pillai2017towards,
	Author = {S. {Pillai} and J. J. {Leonard}},
	Booktitle = {IEEE/RSJ International Conference on Intelligent Robots and Systems (IROS)},
	Date-Modified = {2020-06-29 16:19:37 +0800},
	Pages = {5533-5540},
	Title = {Towards visual ego-motion learning in robots},
	Year = {Vancouver, BC, Canada, September 24-28, 2017}}

@article{teichmann2016multinet,
	Author = {Teichmann, Marvin and Weber, Michael and Zoellner, Marius and Cipolla, Roberto and Urtasun, Raquel},
	Journal = {arXiv preprint arXiv:1612.07695},
	Title = {MultiNet: Real-time Joint Semantic Reasoning for Autonomous Driving},
	Year = {2016}}

@inproceedings{kummerle2011g,
	Author = {K{\"u}mmerle, Rainer and Grisetti, Giorgio and Strasdat, Hauke and Konolige, Kurt and Burgard, Wolfram},
	Booktitle = {Robotics and Automation (ICRA), 2011 IEEE International Conference on},
	Organization = {IEEE},
	Pages = {3607--3613},
	Title = {g 2 o: A general framework for graph optimization},
	Year = {2011}}

@inproceedings{krizhevsky2012imagenet,
	Author = {Krizhevsky, Alex and Sutskever, Ilya and Hinton, Geoffrey E},
	Booktitle = {Advances in neural information processing systems},
	Pages = {1097--1105},
	Title = {Imagenet classification with deep convolutional neural networks},
	Year = {2012}}

@book{onishchik1993lie,
	Author = {Onishchik, Arkadi{\u\i} L and Vinberg, EB and Minachin, V},
	Publisher = {Springer},
	Title = {Lie groups and Lie algebras},
	Year = {1993}}

@article{Engel-et-al-pami2018,
	Author = {J. Engel and V. Koltun and D. Cremers},
	Date-Modified = {2020-06-28 22:47:20 +0800},
	Journal = pami,
	Keywords = {mono-ds,dso,directsparseodometry},
	Month = {March},
	Number = {3},
	Pages = {611-625},
	Title = {Direct Sparse Odometry},
	Titleurl = {engel_et_al_pami2018.pdf},
	Volume = {40},
	Year = {2018}}

@inproceedings{iyer2018geometric,
	Author = {Iyer, Ganesh and Krishna Murthy, J and Gupta, Gunshi and Krishna, Madhava and Paull, Liam},
	Booktitle = {Proceedings of the IEEE Conference on Computer Vision and Pattern Recognition Workshops},
	Date-Modified = {2020-06-29 16:32:12 +0800},
	Pages = {267--275},
	Title = {Geometric Consistency for Self-Supervised End-to-End Visual Odometry},
	Year = {Salt Lake City, UT, USA, Jun 18-22, 2018}}

@inproceedings{parisotto2018global,
	Author = {Parisotto, Emilio and Singh Chaplot, Devendra and Zhang, Jian and Salakhutdinov, Ruslan},
	Booktitle = {Proceedings of the IEEE Conference on Computer Vision and Pattern Recognition Workshops},
	Date-Modified = {2020-06-29 16:31:36 +0800},
	Pages = {237--246},
	Title = {Global pose estimation with an attention-based recurrent network},
	Year = {Salt Lake City, UT, USA, Jun 18-22, 2018, }}

@article{peretroukhin2018dpc,
	Author = {Peretroukhin, Valentin and Kelly, Jonathan},
	Journal = {IEEE Robotics and Automation Letters},
	Number = {3},
	Pages = {2424--2431},
	Publisher = {IEEE},
	Title = {Dpc-net: Deep pose correction for visual localization},
	Volume = {3},
	Year = {2018}}

@inproceedings{li2018undeepvo,
	Author = {Li, Ruihao and Wang, Sen and Long, Zhiqiang and Gu, Dongbing},
	Booktitle = {2018 IEEE International Conference on Robotics and Automation (ICRA)},
	Date-Modified = {2020-06-29 16:25:01 +0800},
	Organization = {IEEE},
	Pages = {7286--7291},
	Title = {Undeepvo: Monocular visual odometry through unsupervised deep learning},
	Year = {Brisbane, Australia, May 21-25, 2018}}

@article{monodepth2,
	Author = {Cl{\'{e}}ment Godard and Oisin {Mac Aodha} and Michael Firman and Gabriel J. Brostow},
	Booktitle = {The International Conference on Computer Vision (ICCV)},
	Month = {October},
	Title = {Digging into Self-Supervised Monocular Depth Prediction},
	Year = {2019}}

@article{slinko2019training,
	Author = {Slinko, Igor and Vorontsova, Anna and Zhukov, Dmitry and Barinova, Olga and Konushin, Anton},
	Journal = {arXiv preprint arXiv:1912.05405},
	Title = {Training Deep SLAM on Single Frames},
	Year = {2019}}

@article{wang2020tartanair,
	Author = {Wang, Wenshan and Zhu, Delong and Wang, Xiangwei and Hu, Yaoyu and Qiu, Yuheng and Wang, Chen and Hu, Yafei and Kapoor, Ashish and Scherer, Sebastian},
	Journal = {arXiv preprint arXiv:2003.14338},
	Title = {TartanAir: A Dataset to Push the Limits of Visual SLAM},
	Year = {2020}}

@article{von2019gn,
	Author = {von Stumberg, Lukas and Wenzel, Patrick and Khan, Qadeer and Cremers, Daniel},
	Journal = {arXiv preprint arXiv:1904.11932},
	Title = {Gn-net: The gauss-newton loss for deep direct SLAM},
	Year = {2019}}

@inproceedings{yang2020d3vo,
	Author = {Yang, Nan and Stumberg, Lukas von and Wang, Rui and Cremers, Daniel},
	Booktitle = {Proceedings of the IEEE/CVF Conference on Computer Vision and Pattern Recognition},
	Date-Modified = {2020-06-29 16:40:45 +0800},
	Pages = {1281--1292},
	Title = {D3VO: Deep Depth, Deep Pose and Deep Uncertainty for Monocular Visual Odometry},
	Year = {Seattle, Washington, United States, Jun 13-19, 2020}}

@inproceedings{scaramuzza2009real,
	Author = {Scaramuzza, Davide and Fraundorfer, Friedrich and Siegwart, Roland},
	Booktitle = {2009 IEEE International Conference on Robotics and Automation (ICRA)},
	Date-Modified = {2020-06-29 12:20:14 +0800},
	Pages = {4293--4299},
	Title = {Real-time monocular visual odometry for on-road vehicles with 1-point ransac},
	Year = {Kobe, Japan, May 12 - 17, 2009}}

@inproceedings{guan2020minimal,
	Author = {Guan, Banglei and Zhao, Ji and Li, Zhang and Sun, Fang and Fraundorfer, Friedrich},
	Booktitle = {Proceedings of the IEEE/CVF Conference on Computer Vision and Pattern Recognition},
	Pages = {1929--1938},
	Title = {Minimal Solutions for Relative Pose with a Single Affine Correspondence},
	Year = {2020}}

@inproceedings{wang2018monocular,
	Author = {Wang, Xiangwei and Zhang, Hui and Yin, Xiaochuan and Du, Mingxiao and Chen, Qijun},
	Booktitle = {2018 IEEE International Conference on Robotics and Automation (ICRA)},
	Date-Modified = {2020-06-29 16:24:54 +0800},
	Organization = {IEEE},
	Pages = {988--995},
	Title = {Monocular visual odometry scale recovery using geometrical constraint},
	Year = {Brisbane, Australia, May 21-25, 2018}}

@article{Song2015MoncularScale,
	Author = {Song, Shiyu and Chandraker, Manmohan and Guest, Clark},
	Date-Modified = {2020-06-28 23:25:48 +0800},
	Journal = {IEEE Transactions on Pattern Analysis \& Machine Intelligence},
	Pages = {730-743},
	Title = {High Accuracy Monocular SFM and Scale Correction for Autonomous Driving},
	Type = {Journal Article},
	volume={38},
    number={4},
	Year = {2015}}

@conference{Lee2015MoncularScale,
	Author = {Lee, B. and Daniilidis, K. and Lee, D. D.},
	Booktitle = {2015 IEEE International Conference on Robotics and Automation (ICRA)},
	Date-Modified = {2020-06-29 16:44:46 +0800},
	Pages = {5232-5238},
	Title = {Online self-supervised monocular visual odometry for ground vehicles},
	Type = {Conference Paper},
	Year = {Seattle, Washington, USA , May 26-30, 2015}}

@inproceedings{zhou2016reliable,
	Author = {Zhou, Dingfu and Dai, Yuchao and Li, Hongdong},
	Booktitle = {Intelligent Vehicles Symposium (IV), 2016 IEEE},
	Date-Modified = {2020-06-29 16:47:49 +0800},
	Isbn = {1509018212},
	Pages = {490-495},
	Publisher = {IEEE},
	Title = {Reliable scale estimation and correction for monocular Visual Odometry},
	Type = {Conference Proceedings},
	Year = {Gothenburg, Jun 19-22, 2016}}

@book{siegwart2011introduction,
	Author = {Siegwart, Roland and Nourbakhsh, Illah Reza and Scaramuzza, Davide},
	Publisher = {MIT press},
	Title = {Introduction to autonomous mobile robots},
	Year = {2011}}

@article{choi2015simplified,
	Author = {Choi, Sunglok and Park, Jaehyun and Yu, Wonpil},
	Journal = {International Journal of Control, Automation and Systems},
	Number = {6},
	Pages = {1454--1464},
	Publisher = {Springer},
	Title = {Simplified epipolar geometry for real-time monocular visual odometry on roads},
	Volume = {13},
	Year = {2015}}

@article{4625958,
	Author = {D. {Scaramuzza} and R. {Siegwart}},
	Journal = {IEEE Transactions on Robotics},
	Number = {5},
	Pages = {1015-1026},
	Title = {Appearance-Guided Monocular Omnidirectional Visual Odometry for Outdoor Ground Vehicles},
	Volume = {24},
	Year = {2008}}

@article{7898840,
	Author = {S. {Yang} and R. {Jiang} and H. {Wang} and S. S. {Ge}},
	Journal = {IEEE Transactions on Intelligent Transportation Systems},
	Number = {12},
	Pages = {3449-3456},
	Title = {Road Constrained Monocular Visual Localization Using Gaussian-Gaussian Cloud Model},
	Volume = {18},
	Year = {2017}}

@inproceedings{deng2009imagenet,
	Author = {Deng, Jia and Dong, Wei and Socher, Richard and Li, Li-Jia and Li, Kai and Fei-Fei, Li},
	Booktitle = {2009 IEEE Conference on Computer Vision and Pattern Recognation (CVPR)},
	Date-Modified = {2020-06-29 16:41:57 +0800},
	Organization = {Ieee},
	Pages = {248--255},
	Title = {Imagenet: A large-scale hierarchical image database},
	Year = { Miami, Florida, USA, 20-25 Jun 2009}}

@inproceedings{Cordts2016Cityscapes,
	Author = {Cordts, Marius and Omran, Mohamed and Ramos, Sebastian and Rehfeld, Timo and Enzweiler, Markus and Benenson, Rodrigo and Franke, Uwe and Roth, Stefan and Schiele, Bernt},
	Booktitle = {2016 IEEE Conference on Computer Vision and Pattern Recognation (CVPR)},
	Date-Modified = {2020-06-29 16:42:50 +0800},
	Title = {The Cityscapes Dataset for Semantic Urban Scene Understanding},
	Year = {Caesars Palace, Las Vegas, Nevada, United States,Jun 26- Jul 1, 2016}}

@article{kingma2014adam,
	Author = {Kingma, Diederik P and Ba, Jimmy},
	Journal = {arXiv preprint arXiv:1412.6980},
	Title = {Adam: A method for stochastic optimization},
	Year = {2014}}

@conference{lin2013network,
	Author = {Lin, Min and Chen, Qiang and Yan, Shuicheng},
	Booktitle = {International Conference on Learning Representations (ICLR)},
	Date-Modified = {2020-06-29 12:19:15 +0800},
	Journal = {arXiv preprint arXiv:1312.4400},
	Title = {Network in network},
	Year = {Banff, Canada, Apr 14 - 16, 2014}}

@inproceedings{yu2015multi,
	Author = {Yu, Fisher and Koltun, Vladlen},
	Booktitle = {International Conference on Learning Representations (ICLR)},
	Date-Modified = {2020-06-29 12:13:29 +0800},
	Title = {Multi-scale context aggregation by dilated convolutions},
	Year = {San Juan, Puerto Rico, May 2-4, 2016}}
@inproceedings{sunderhauf2011brief,
  title={BRIEF-Gist-Closing the loop by simple means},
  author={S{\"u}nderhauf, Niko and Protzel, Peter},
  booktitle={Intelligent Robots and Systems (IROS), 2011 IEEE/RSJ International Conference on},
  pages={1234--1241},
  year={2011},
  organization={IEEE}
}
@article{tai2016deep,
  title={Deep-learning in Mobile Robotics-from Perception to Control Systems: A Survey on Why and Why not},
  author={Tai, Lei and Liu, Ming},
  journal={arXiv preprint arXiv:1612.07139},
  year={2016}
}
@inproceedings{liu2012markov,
  title={A Markov semi-supervised clustering approach and its application in topological map extraction},
  author={Liu, Ming and Colas, Francis and Pomerleau, Fran{\c{c}}ois and Siegwart, Roland},
  booktitle={Intelligent Robots and Systems (IROS), 2012 IEEE/RSJ International Conference on},
  pages={4743--4748},
  year={2012},
  organization={IEEE}
}
@inproceedings{liu2012dp,
  title={DP-Fusion: A generic framework for online multi sensor recognition},
  author={Liu, Ming and Wang, Lujia and Siegwart, Roland},
  booktitle={Multisensor Fusion and Integration for Intelligent Systems (MFI), 2012 IEEE Conference on},
  pages={7--12},
  year={2012},
  organization={IEEE}
}
@inproceedings{li2006probabilistic,
  title={Probabilistic location recognition using reduced feature set},
  author={Li, Fayin and Kosecka, Jana},
  booktitle={Robotics and Automation, 2006. ICRA 2006. Proceedings 2006 IEEE International Conference on},
  pages={3405--3410},
  year={2006},
  organization={IEEE}
}
@inproceedings{Schindler2007City,
  title={City-Scale Location Recognition},
  author={Schindler, Grant and Brown, Matthew and Szeliski, Richard},
  booktitle={IEEE Computer Society Conference on Computer Vision and Pattern Recognition},
  pages={1-7},
  year={2007},
}
@inproceedings{liu2009scene,
  title={Scene recognition with omnidirectional vision for topological map using lightweight adaptive descriptors},
  author={Liu, Ming and Scaramuzza, Davide and Pradalier, C{\'e}dric and Siegwart, Roland and Chen, Qijun},
  booktitle={Intelligent Robots and Systems, 2009. IROS 2009. IEEE/RSJ International Conference on},
  pages={116--121},
  year={2009},
  organization={IEEE}
}
@article{liu2014topological,
  title={Topological mapping and scene recognition with lightweight color descriptors for an omnidirectional camera},
  author={Liu, Ming and Siegwart, Roland},
  journal={IEEE Transactions on Robotics},
  volume={30},
  number={2},
  pages={310--324},
  year={2014},
  publisher={IEEE}
}
@inproceedings{corke2013dealing,
  title={Dealing with shadows: Capturing intrinsic scene appearance for image-based outdoor localisation},
  author={Corke, Peter and Paul, Rohan and Churchill, Winston and Newman, Paul},
  booktitle={Intelligent Robots and Systems (IROS), 2013 IEEE/RSJ International Conference on},
  pages={2085--2092},
  year={2013},
  organization={IEEE}
}
@article{mcmanus2015learning,
  title={Learning place-dependant features for long-term vision-based localisation},
  author={McManus, Colin and Upcroft, Ben and Newman, Paul},
  journal={Autonomous Robots},
  volume={39},
  number={3},
  pages={363--387},
  year={2015},
  publisher={Springer}
}
@article{neubert2015superpixel,
  title={Superpixel-based appearance change prediction for long-term navigation across seasons},
  author={Neubert, Peer and S{\"u}nderhauf, Niko and Protzel, Peter},
  journal={Robotics and Autonomous Systems},
  volume={69},
  pages={15--27},
  year={2015},
  publisher={Elsevier}
}
@article{lowe2004distinctive,
  title={Distinctive image features from scale-invariant keypoints},
  author={Lowe, David G},
  journal={International journal of computer vision},
  volume={60},
  number={2},
  pages={91--110},
  year={2004},
  publisher={Springer}
}
@inproceedings{tola2008fast,
  title={A fast local descriptor for dense matching},
  author={Tola, Engin and Lepetit, Vincent and Fua, Pascal},
  booktitle={Computer Vision and Pattern Recognition, 2008. CVPR 2008. IEEE Conference on},
  pages={1--8},
  year={2008},
  organization={IEEE}
}
@inproceedings{arroyo2014fast,
  title={Fast and effective visual place recognition using binary codes and disparity information},
  author={Arroyo, Roberto and Alcantarilla, Pablo F and Bergasa, Luis M and Yebes, J Javier and Bronte, Sebasti{\'a}n},
  booktitle={Intelligent Robots and Systems (IROS 2014), 2014 IEEE/RSJ International Conference on},
  pages={3089--3094},
  year={2014},
  organization={IEEE}
}
@inproceedings{arroyo2016fusion,
  title={Fusion and binarization of CNN features for robust topological localization across seasons},
  author={Arroyo, Roberto and Alcantarilla, Pablo F and Bergasa, Luis M and Romera, Eduardo},
  booktitle={Intelligent Robots and Systems (IROS), 2016 IEEE/RSJ International Conference on},
  pages={4656--4663},
  year={2016},
  organization={IEEE}
}
@article{SURF2006surf,
  title={Surf: Speeded up robust features},
  author={Bay, Herbert and Tuytelaars, Tinne and Van Gool, Luc},
  journal={Computer vision--ECCV 2006},
  pages={404--417},
  year={2006},
  publisher={Springer}
}
@inproceedings{milford2012seqslam,
  title={SeqSLAM: Visual route-based navigation for sunny summer days and stormy winter nights},
  author={Milford, Michael J and Wyeth, Gordon F},
  booktitle={Robotics and Automation (ICRA), 2012 IEEE International Conference on},
  pages={1643--1649},
  year={2012},
  organization={IEEE}
}
@inproceedings{ORB2011orb,
  title={ORB: An efficient alternative to SIFT or SURF},
  author={Rublee, Ethan and Rabaud, Vincent and Konolige, Kurt and Bradski, Gary},
  booktitle={Computer Vision (ICCV), 2011 IEEE International Conference on},
  pages={2564--2571},
  year={2011},
  organization={IEEE}
}
@inproceedings{naseer2014robust,
  title={Robust Visual Robot Localization Across Seasons Using Network Flows.},
  author={Naseer, Tayyab and Spinello, Luciano and Burgard, Wolfram and Stachniss, Cyrill},
  booktitle={AAAI},
  pages={2564--2570},
  year={2014}
}
@inproceedings{churchill2012practice,
  title={Practice makes perfect? managing and leveraging visual experiences for lifelong navigation},
  author={Churchill, Winston and Newman, Paul},
  booktitle={Robotics and Automation (ICRA), 2012 IEEE International Conference on},
  pages={4525--4532},
  year={2012},
  organization={IEEE}
}
@inproceedings{lowry2014transforming,
  title={Transforming morning to afternoon using linear regression techniques},
  author={Lowry, Stephanie M and Milford, Michael J and Wyeth, Gordon F},
  booktitle={Robotics and Automation (ICRA), 2014 IEEE International Conference on},
  pages={3950--3955},
  year={2014},
  organization={IEEE}
}
@inproceedings{krizhevsky2012imagenet,
  title={Imagenet classification with deep convolutional neural networks},
  author={Krizhevsky, Alex and Sutskever, Ilya and Hinton, Geoffrey E},
  booktitle={Advances in neural information processing systems},
  pages={1097--1105},
  year={2012}
}
@inproceedings{sharif2014cnn,
  title={CNN features off-the-shelf: an astounding baseline for recognition},
  author={Sharif Razavian, Ali and Azizpour, Hossein and Sullivan, Josephine and Carlsson, Stefan},
  booktitle={Proceedings of the IEEE Conference on Computer Vision and Pattern Recognition Workshops},
  pages={806--813},
  year={2014}
}
@inproceedings{sunderhauf2015performance,
  title={On the performance of convnet features for place recognition},
  author={S{\"u}nderhauf, Niko and Shirazi, Sareh and Dayoub, Feras and Upcroft, Ben and Milford, Michael},
  booktitle={Intelligent Robots and Systems (IROS), 2015 IEEE/RSJ International Conference on},
  pages={4297--4304},
  year={2015},
  organization={IEEE}
}
@inproceedings{girshick2014rich,
  title={Rich feature hierarchies for accurate object detection and semantic segmentation},
  author={Girshick, Ross and Donahue, Jeff and Darrell, Trevor and Malik, Jitendra},
  booktitle={Proceedings of the IEEE conference on computer vision and pattern recognition},
  pages={580--587},
  year={2014}
}
@inproceedings{donahue2014decaf,
  title={DeCAF: A Deep Convolutional Activation Feature for Generic Visual Recognition.},
  author={Donahue, Jeff and Jia, Yangqing and Vinyals, Oriol and Hoffman, Judy and Zhang, Ning and Tzeng, Eric and Darrell, Trevor},
  booktitle={Icml},
  volume={32},
  pages={647--655},
  year={2014}
}
@inproceedings{donahue2014decaf,
  title={DeCAF: A Deep Convolutional Activation Feature for Generic Visual Recognition.},
  author={Donahue, Jeff and Jia, Yangqing and Vinyals, Oriol and Hoffman, Judy and Zhang, Ning and Tzeng, Eric and Darrell, Trevor},
  booktitle={Icml},
  volume={32},
  pages={647--655},
  year={2014}
}
@article{weng2003candid,
  title={Candid covariance-free incremental principal component analysis},
  author={Weng, Juyang and Zhang, Yilu and Hwang, Wey-Shiuan},
  journal={IEEE Transactions on Pattern Analysis and Machine Intelligence},
  volume={25},
  number={8},
  pages={1034--1040},
  year={2003},
  publisher={IEEE}
}
@article{sermanet2013overfeat,
  title={Overfeat: Integrated recognition, localization and detection using convolutional networks},
  author={Sermanet, Pierre and Eigen, David and Zhang, Xiang and Mathieu, Micha{\"e}l and Fergus, Rob and LeCun, Yann},
  journal={arXiv preprint arXiv:1312.6229},
  year={2013}
}
@article{cummins2008fab,
  title={FAB-MAP: Probabilistic localization and mapping in the space of appearance},
  author={Cummins, Mark and Newman, Paul},
  journal={The International Journal of Robotics Research},
  volume={27},
  number={6},
  pages={647--665},
  year={2008},
  publisher={SAGE Publications}
}
@inproceedings{neubert2013appearance,
  title={Appearance change prediction for long-term navigation across seasons},
  author={Neubert, Peer and Sunderhauf, Niko and Protzel, Peter},
  booktitle={Mobile Robots (ECMR), 2013 European Conference on},
  pages={198--203},
  year={2013},
  organization={IEEE}
}

@inproceedings{arroyo2016fusion,
  title={Fusion and binarization of CNN features for robust topological localization across seasons},
  author={Arroyo, Roberto and Alcantarilla, Pablo F and Bergasa, Luis M and Romera, Eduardo},
  booktitle={Intelligent Robots and Systems (IROS), 2016 IEEE/RSJ International Conference on},
  pages={4656--4663},
  year={2016},
  organization={IEEE}
}
@article{lowry2016visual,
  title={Visual place recognition: A survey},
  author={Lowry, Stephanie and S{\"u}nderhauf, Niko and Newman, Paul and Leonard, John J and Cox, David and Corke, Peter and Milford, Michael J},
  journal={IEEE Transactions on Robotics},
  volume={32},
  number={1},
  pages={1--19},
  year={2016},
  publisher={IEEE}
}
@article{chow1968approximating,
  title={Approximating discrete probability distributions with dependence trees},
  author={Chow, C and Liu, Cong},
  journal={IEEE transactions on Information Theory},
  volume={14},
  number={3},
  pages={462--467},
  year={1968},
  publisher={IEEE}
}
@inproceedings{zhan2020visual,
  title={Visual odometry revisited: What should be learnt?},
  author={Zhan, Huangying and Weerasekera, Chamara Saroj and Bian, Jia-Wang and Reid, Ian},
  booktitle={2020 IEEE International Conference on Robotics and Automation (ICRA)},
  pages={4203--4210},
  year={2020},
  organization={IEEE}
}
@article{2006Scalable,
  title={Scalable recognition with a vocabulary tree},
  author={ Nister, D. },
  journal={Proc Cvpr},
  volume={2},
  year={2006},
}
@inproceedings{godard2017unsupervised,
  title={Unsupervised monocular depth estimation with left-right consistency},
  author={Godard, Cl{\'e}ment and Mac Aodha, Oisin and Brostow, Gabriel J},
  booktitle={Proceedings of the IEEE Conference on Computer Vision and Pattern Recognition},
  pages={270--279},
  year={2017}
}
@article{2017Made,
  title={Made in China 2025},
  author={ Tang, J. },
  journal={IntegraciÃ³n & comercio},
  pages={pÃ¡gs.  204-215},
  year={2017},
}
@inproceedings{2017Are,
  title={Are Large-Scale 3D Models Really Necessary for Accurate Visual Localization?},
  author={ Sattler, T.  and  Torii, A.  and  Sivic, J.  and  Pollefeys, M.  and  Taira, H.  and  Okutomi, M.  and  Pajdla, T. },
  booktitle={IEEE Conference on Computer Vision & Pattern Recognition},
  year={2017},
}